1507 2146
48 38 54 32 Roi
120 38 77 32 ai'an;
215 37 92 32 réfo'u
325 37 87 39 d'agir
430 46 65 19 avec
514 45 54 20 une
594 35 138 38 puifîante

47 80 92 27 armée
157 78 33 30 de
207 87 31 19 ce
253 77 123 33 côté-là,
387 78 25 26 Se
423 77 33 27 de
468 76 107 35 pouffer
591 77 143 27 vivement

46 117 26 30 la
98 125 98 27 guêtre
221 124 99 20 contte
345 115 37 28 les
399 117 156 33 Portugais.
613 117 45 26 O.i
679 123 43 21 tra-

46 156 85 27 vaille
151 164 52 18 aux
229 152 182 37 difpofitions
436 151 161 31 néceflaires
614 162 71 27 pour
703 162 31 20 ce

47 195 91 35 fujet^
164 195 25 25 &
210 194 14 27 à
246 193 59 27 leur
320 190 66 30 faire
405 190 139 30 divetfion
565 190 37 28 du
620 189 64 30 côté
699 190 34 30 de

47 234 28 27 Ja
92 231 135 32 Ciftille,
243 229 58 28 afin
319 229 47 28 des
381 228 37 30 les
436 229 111 37 obliger
560 228 32 28 de
612 237 126 30 partager

50 270 28 28 le
96 280 51 26 peu
164 269 34 27 de
215 261 91 35 forces
327 267 84 34 qu'ils
431 278 48 18 ont
506 267 43 27 fur
572 268 56 34 pié.
669 268 70 27 Mais

48 318 113 19 comme
184 317 38 19 on
249 315 119 26 manque
392 307 128 37 d'argent
539 326 8 13 ,
575 315 39 19 on
640 305 96 30 attend

47 356 70 19 avec
142 346 165 34 impatience
332 345 72 27 celui
430 346 46 33 qui
500 344 37 27 eft
554 345 86 27 arrivé
666 353 72 28 pour

47 384 28 30 Je
93 393 115 26 compte
224 384 37 26 du
283 384 53 27 Roi
353 392 35 18 en
405 384 97 26 Galice
516 404 11 13 ,
550 381 43 28 fur
611 391 37 19 un
667 383 58 27 vaif-

47 423 64 28 feau
131 423 33 27 de
181 430 100 28 guerre
296 422 151 33 François,
467 423 25 26 Si
516 430 38 19 on
573 419 24 30 le
614 423 70 26 croit
700 430 35 19 en

47 462 126 26 chemin.
216 462 67 26 Don
311 462 125 26 Ventura
464 459 97 27 Landa
579 459 158 28 Confeiller

47 500 38 27 de
102 508 97 26 guerre
216 497 38 27 eft
282 507 103 18 revenu
405 502 33 22 de
457 497 116 33 Bilboa,
600 506 34 20 en
659 507 77 20 vettu

47 539 38 28 de
104 539 24 25 la
148 535 159 38 permiflion
327 536 67 32 qu'il
415 536 76 26 avoit
509 544 80 26 reçue
607 537 35 25 du
663 536 74 33 Roi,

50 576 71 27 mais
139 576 18 25 il
177 576 43 26 n'a
247 583 45 22 pas
315 573 78 27 reufli
415 575 67 25 élans
507 573 24 27 la
549 574 187 27 Commiflion

48 615 72 26 dont
139 613 17 26 il
177 613 69 27 étoit
260 612 107 34 chitgé.
400 614 32 24 Sa
455 612 107 33 Majefté
580 622 31 17 ne
631 612 105 27 laiflera

47 660 48 26 pas
113 652 33 25 de
164 651 25 27 le
215 650 195 32 réconape-iifer
428 651 33 26 de
480 650 38 27 fes
535 650 116 27 fervices
665 671 8 12 ,
700 659 34 18 en

47 689 210 28 confidération
289 691 46 25 des
364 686 131 33 dépenfes
520 686 69 35 qu'il
617 697 13 19 a
656 689 80 28 faites

45 736 76 28 pour
141 726 69 27 aMer
230 729 24 26 &
276 729 97 30 venir,
399 726 59 27 fins
475 724 86 28 f.rvoir
581 726 40 27 s'il
644 736 35 18 en
697 728 26 27 fe-

46 775 59 20 roit
123 765 170 27 rembouifé.
334 764 24 27 Il
377 763 37 27 eft
442 765 69 34 parti
539 774 69 21 pour
632 768 103 26 France

47 803 138 35 que'ques
215 803 119 37 bigiges
359 802 35 26 du
425 804 60 25 Duc
504 802 145 30 d'Oilune.
696 806 39 26 Le

46 843 58 28 Koi
129 852 13 18 a
165 841 132 28 ordonné
324 841 33 27 de
384 841 37 26 lui
448 843 128 30 côm,uer
599 852 34 25 40
659 841 76 27 mille

46 882 67 25 écus
131 889 71 26 pour
221 880 37 26 fes
281 880 151 33 équipages
457 880 26 26 &
516 888 70 22 pour
608 882 38 25 les
666 880 67 27 fraix

48 919 35 26 de
100 919 48 26 Con
168 926 112 28 voiage.
305 919 21 26 Il
346 926 63 18 aura
428 926 71 25 3000
515 919 63 26 érus
596 927 44 22 par
653 919 83 26 mois.

46 958 46 26 Au
111 958 103 26 Coni'C
231 958 33 24 de
285 954 115 34 Bergeik
418 964 89 18 trente
526 956 76 28 mille
619 958 76 32 écuf,
709 958 22 25 Si

48 1005 72 26 2500
137 1003 47 27 par
204 1004 25 17 m
242 1002 52 25 v.s,
324 993 26 26 Si
377 1002 33 18 au
431 996 120 32 Marquis
568 991 33 30 de
625 997 109 25 Monte-

47 1032 70 28 Jeon
135 1043 35 18 10
190 1031 76 27 mille
279 1052 6 9 ,
301 1032 25 25 &
346 1039 76 19 1000
441 1031 63 27 écus
521 1042 45 21 par
586 1042 70 18 mois
666 1043 52 25 pen-

48 1071 70 27 dant
143 1069 83 34 qu'ils
237 1069 162 27 «(lifteront
424 1076 51 20 aux
501 1069 181 28 conférences
702 1072 33 26 de

46 1111 76 33 paix.
163 1107 183 28 Nonobftanr
366 1108 24 25 le
412 1109 104 25 Décret
533 1108 70 27 dont
619 1108 15 26 il
653 1119 13 17 a
691 1109 43 26 été

50 1148 94 38 parlé,
169 1147 24 27 le
209 1147 54 27 Roi
281 1155 14 18 a
317 1147 100 34 permis
432 1146 14 27 à
471 1144 131 28 l'Envoie
620 1147 33 26 de
672 1148 50 26 Par-

112 1186 32 27 de
159 1185 81 27 riftc
257 1186 33 26 ici
307 1183 65 27 aufli
393 1183 175 35 long-ternes
586 1185 67 33 qu'il
665 1194 56 18 vou-

46 1225 47 26 dra
115 1245 7 12 ,
148 1225 69 26 mais
242 1222 59 28 fins
326 1221 161 34 caractère,
510 1224 25 26 &
562 1232 111 19 comme
697 1233 37 18 un

50 1261 217 28 Gentilhomme
289 1260 141 37 étranger.
490 1261 39 26 Le
555 1261 124 28 Minilfre
704 1263 34 27 de

51 1299 132 31 Tofcniî
198 1297 159 34 apréhende
381 1299 128 31 roujours
526 1306 53 26 que
601 1300 26 25 S.
648 1302 37 25 M.
703 1310 34 18 ne

53 1338 38 27 lui
118 1336 61 30 faiTe
200 1336 125 38 figtiiiïer
350 1336 67 27 auffi
442 1336 34 26 de
498 1336 24 27 fe
547 1337 97 28 retirer
660 1337 33 30 de
711 1337 26 30 la

54 1378 93 24 Cour.

204 1414 38 26 De
257 1411 98 30 Vienne
371 1414 21 27 le
407 1422 8 19 1
426 1424 22 25 3.
463 1414 130 35 Janvier.

97 1454 45 26 On
156 1452 65 28 écrit
236 1452 35 28 de
289 1453 201 27 Perriwatadiri
502 1473 7 13 ,
529 1456 89 31 qu'on
635 1462 18 26 y
661 1454 77 28 avoit

53 1491 89 28 arrêté
159 1492 71 26 deux
247 1486 107 38 efpions
365 1492 145 33 François,
521 1500 65 19 avec
602 1492 136 34 plufieuts

51 1531 97 27 Jettres
164 1528 97 28 écrites
276 1538 34 19 en
324 1527 22 28 la
359 1526 89 31 même
459 1527 102 37 langue
573 1531 46 34 qui
628 1532 107 27 étoient

52 1569 115 28 cachées
190 1566 66 28 dans
282 1576 54 19 une
360 1576 99 20 canne.
500 1571 45 24 On
562 1577 14 27 y
594 1577 13 19 a
631 1569 89 27 décou-

52 1617 60 18 rent
131 1604 135 34 pliifiëurs
283 1605 136 35 intrigues
448 1605 32 27 de
502 1605 22 27 la
541 1609 103 26 France
664 1617 71 24 pour

46 1646 107 27 exciter
171 1643 38 28 les
223 1646 90 24 Turcs
333 1643 12 27 à
371 1643 67 27 frire
459 1643 24 28 la
501 1654 98 27 guerre
617 1645 14 27 à
651 1645 71 28 l'Em-

48 1691 120 30 pereur,
187 1683 25 26 Si
229 1682 14 26 à
259 1682 141 26 fomenter
416 1691 54 19 une
490 1682 131 28 nouvelle
641 1685 79 24 révol-

52 1731 27 17 te
106 1731 35 18 en
161 1721 137 34 Hongtie.
338 1721 45 26 Un
400 1721 33 27 de
456 1728 43 19 ces
520 1721 110 33 efpions
647 1724 91 34 qu'on

51 1759 43 27 dit
113 1760 58 27 être
189 1759 33 27 de
239 1759 94 26 bonne
351 1759 105 27 famille
472 1767 34 20 en
524 1760 103 26 France
640 1780 6 13 ,
693 1760 41 27 dit

46 1796 158 27 débouche
222 1795 133 30 plufieurs
372 1795 106 30 affaires
496 1798 196 34 importantes,
705 1800 26 26 &

46 1837 89 34 qu'en
150 1835 85 26 allant
253 1833 14 28 à
276 1834 236 31 Conftantinople
523 1856 9 14 ,
549 1835 122 28 ils'étoit
689 1846 28 18 ar-

45 1876 60 27 rêté
124 1871 33 28 ici
182 1874 118 25 enviion
320 1883 8 26 3
351 1874 144 27 femiines.
535 1873 38 27 Ils
592 1876 139 28 n'étoient

46 1913 65 35 plus
132 1910 63 33 qu'à
217 1918 53 18 une
291 1912 116 30 journée
430 1911 33 27 de
483 1910 151 38 Belgrade,
660 1913 57 28 lorf-

41 1951 84 33 qu'ils
136 1949 79 28 firen
221 1957 7 9 f
237 1948 102 27 arrêtés
352 1959 46 22 par
407 1959 37 18 un
455 1950 149 34 Capitaine
614 1951 116 27 Rafcien

40 1990 45 27 fur
97 1998 37 18 un
145 1985 97 34 fimple
255 1984 191 37 foupçon.On
459 1988 39 27 dit
510 1998 53 24 que
575 1997 45 20 ces
635 1989 94 28 lettres

40 2037 52 20 ont
117 2027 45 30 été
190 2026 136 30 envolées
343 2023 17 31 à
378 2027 190 38 l'Empereur.
607 2029 122 31 Comme

778 37 58 30 l'on
859 46 13 21 a
888 38 58 31 avis
959 47 53 27 que
1029 41 26 27 S.
1065 40 40 27 M.
1120 39 149 38 Impériale
1289 40 94 31 devoit
1398 41 40 34 par-

777 77 35 27 tir
829 77 34 28 de
875 77 145 30 Francfort
1044 79 65 27 lu.
1134 80 34 27 de
1185 90 30 19 ce
1233 80 90 35 mois,
1348 72 106 41 l'lmp'*
1473 77 7 45 j

777 116 100 27 rattice
894 118 126 33 Régente
1038 126 13 18 a
1076 115 89 31 réfolu
1188 118 98 30 d'aller
1312 119 13 30 à
1351 118 21 28 h
1398 122 57 22 ren-
1472 106 9 35 I

781 162 96 20 centre
894 156 13 26 à
927 155 122 35 quelque
1061 149 120 35 diflaftee
1194 157 33 28 de
1244 168 73 19 cette
1332 155 122 32 ville,OU
1472 148 11 34 I

781 201 12 18 a
813 201 63 27 reçu
894 202 53 19 une
966 193 59 28 lifte
1051 195 46 26 dcs
1122 204 115 26 ttoupes
1259 207 54 25 que
1342 196 66 28 l'Em

781 239 61 19 reur
861 240 13 18 a
888 230 89 30 réfoju
996 231 33 28 de
1048 241 99 19 mettre
1162 242 35 18 en
1214 235 163 35 Campagne
1394 239 61 24 con-
1472 221 9 38 I

782 276 40 19 tre
839 267 151 35 l'ennemi,
1017 269 120 37 laquelle
1159 272 26 27 le
1201 273 98 28 Prince
1316 274 112 38 Eugène
1442 273 13 21 *
1473 260 8 39 I

782 308 221 35 communiquée
1018 318 52 18 aux
1089 309 97 28 Alliés,
1243 312 58 26 Elle
1326 320 96 20 monte
1442 313 13 19 *

772 344 107 37 '91000
905 345 129 28 hommes
1059 347 33 28 de
1120 357 115 27 troupes
1252 350 102 37 réglée
1369 372 8 12 ,
1406 351 21 26 &
1443 351 13 20 *
1475 340 6 38 I

783 384 61 33 plus
857 384 34 27 de
907 393 64 19 cent
989 384 94 34 mille,
1100 394 65 19 avec
1185 387 37 27 les
1238 390 170 31 Italiennes,
1423 385 34 27 I*

780 422 170 37 Efpagnolcs
966 424 26 26 &
1012 432 90 19 autres
1116 425 176 31 Nationales.
1332 430 45 26 On
1396 418 61 38 n't"

781 469 47 26 pas
849 462 33 26 ici
905 462 59 27 fans
992 462 164 33 inquiétude
1180 472 53 22 que
1258 464 24 28 la
1306 475 97 27 guerre
1429 465 28 25 n8
1476 457 6 46 j

783 507 194 20 recommence
994 508 78 19 entre
1090 501 38 26 les
1142 503 91 27 Turcs
1251 504 24 25 Si
1298 504 35 27 les
1352 503 89 31 Mofco-

781 543 89 28 vîtes,
883 547 44 18 C3r
945 539 31 27 ils
998 540 89 33 paroit
1104 547 54 26 que
1178 541 37 26 les
1232 542 72 27 deux
1325 554 80 24 partis
1422 541 35 34 s'/

781 575 168 35 préparent,
970 576 26 27 &
1023 575 24 28 le
1064 578 128 28 Vaivode
1217 580 34 26 de
1279 580 104 30 Kiovie
1408 587 34 21 me-

780 621 69 19 nace
869 613 34 28 de
922 624 79 18 venir
1019 614 67 28 faire
1107 625 54 19 une
1178 619 135 26 nouvelle
1325 619 135 38 irruption

780 658 37 19 en
834 651 125 37 Pologne
984 661 66 19 avec
1076 654 38 27 les
1135 657 131 27 Tartares
1291 658 32 26 de
1342 658 118 28 Budzia«t

783 690 24 26 &
829 689 37 28 fes
882 690 137 28 adhérans
1036 691 148 30 Polonois.
1227 697 39 25 Le
1284 698 105 26 Comte
1408 697 53 27 Ke*

781 725 146 31 venhullet
953 728 77 38 prêta
1057 730 118 28 fermât
1201 731 22 27 la
1243 732 118 30 femaine
1381 731 81 39 paliée

781 774 34 18 en
831 767 105 32 qualité
960 769 32 26 de
1010 769 185 28 Gouverneur
1214 770 32 28 de
1266 772 24 27 la
1316 774 71 27 bafle
1409 776 35 25 Au-

782 802 99 31 triche.
920 808 46 26 On
985 814 13 19 a
1016 815 61 26 reçu
1096 808 57 27 avis
1172 819 46 22 par
1239 820 35 17 un
1294 814 106 31 Exprès
1417 819 31 20 ve-

781 849 35 18 nu
835 842 149 34 d'lnfpruk
997 862 6 12 ,
1029 854 53 26 que
1103 847 24 26 la
1143 847 137 28 Pnnccfle
1298 852 105 32 Epoufe
1429 849 32 27 dv

780 879 98 30 Prince
895 881 117 27 Charles
1028 882 33 27 de
1078 885 189 38 Nieubonrg,
1293 898 18 27 y
1328 889 38 27 <ft
1383 895 79 22 mort.

781 919 40 26 Le
837 917 76 30 bruit
931 919 38 28 eft
990 921 123 34 répandu
1130 932 56 26 que
1204 925 174 35 l'Empereur
1396 931 66 32 pouf

778 956 46 27 dcs
849 958 104 26 raifons
979 958 53 27 forr
1051 960 184 31 importantes
1250 984 9 13 ,
1281 973 13 18 a
1320 965 89 30 téfolu
1433 964 30 28 d*

778 992 83 30 cafler
880 997 21 26 la
922 999 83 25 Dicte
1025 998 12 25 à
1057 998 191 35 Ritisbonne,
1279 1004 24 26 &
1316 1004 65 30 d'en
1396 1012 52 21 con-

777 1042 107 25 voquer
906 1044 45 17 unr
978 1036 131 27 nouvelle
1127 1038 12 25 à
1157 1038 182 28 Augsbonrp.

914 1076 39 25 De
967 1076 93 25 Berlin
1077 1076 22 25 le
1119 1085 41 20 19.
1176 1078 130 27 Janvier.

822 1110 66 27 Hier
914 1121 37 18 on
974 1110 110 30 célébra
1111 1114 206 32 l'anniverfaire
1333 1117 35 30 du
1388 1122 78 26 Cou»

782 1156 171 21 ronnement
984 1153 35 24 du
1045 1154 52 25 Roi
1128 1160 64 20 avec
1228 1154 38 27 les
1292 1157 172 28 cérémonies

781 1188 190 27 acoutumées.
1010 1192 32 25 Sa
1064 1185 110 38 .vfajefté
1198 1201 12 17 a
1234 1193 51 28 f»it
1303 1195 162 30 Cheva:ierS

781 1225 33 26 de
833 1225 100 37 l'Aigle
951 1226 136 33 Noire,le
1103 1231 104 26 Comte
1222 1232 33 26 de
1278 1233 22 26 la
1317 1235 107 37 Lippe,
1439 1234 25 27 le

782 1264 97 26 Prince
904 1264 33 27 de
963 1265 102 26 Naflau
1085 1266 99 32 Dirft,
1218 1270 22 26 le
1259 1272 91 28 Baron
1368 1277 33 25 de
1422 1273 28 30 Si-

780 1299 110 37 bourg,
914 1303 66 27 &le
1000 1305 103 25 Comte
1122 1305 32 26 de
1175 1307 99 28 Spaan.
1318 1311 39 27 Le
1375 1313 87 27 Reine

780 1338 35 27 eft
835 1349 120 20 revenue
972 1342 33 28 de
1023 1343 122 28 Grabau.
1188 1344 38 27 Le
1241 1345 119 30 Général
1370 1352 77 27 Fient-

782 1377 77 38 ming
882 1378 39 28 tft
946 1382 32 26 ici
1005 1382 98 34 depuis
1120 1382 136 34 quelques
1273 1388 85 32 jours.
1397 1389 48 30 Sui-

781 1423 65 19 vant
868 1416 37 27 les
927 1417 124 30 derniers
1076 1429 56 18 avis
1155 1422 35 27 de
1215 1426 126 34 Drefde,
1364 1427 26 28 le
1404 1423 54 33 Roi

780 1453 33 28 de
831 1454 126 34 Pologne
974 1467 17 26 y
1007 1460 70 26 étoit
1095 1468 115 20 encore.

809 1494 43 26 Du
868 1494 66 27 Pais
952 1496 31 26 de
999 1495 195 43 Meklembourg
1212 1501 24 26 le
1253 1512 43 26 19.
1309 1505 133 37 Janvier.
1454 1517 8 9 •

822 1532 38 27 Le
872 1534 52 25 Roi
941 1534 34 26 de
986 1531 76 32 banc
1072 1546 72 18 marc
1155 1541 52 25 <»'a
1226 1550 46 25 pas
1287 1551 53 25 pus
1357 1545 24 27 fi
1395 1552 50 20 rou-

781 1577 26 20 te
826 1579 45 25 par
885 1571 119 30 Guftriu
1018 1594 7 12 ,
1051 1578 150 31 parcequ'il
1227 1587 34 18 ne
1279 1583 110 28 vouloir
1413 1589 46 31 pas

778 1607 109 28 donner
904 1610 165 31 d'audiince
1084 1623 54 19 aux
1153 1616 137 30 Miniftres
1307 1623 46 33 qui
1364 1632 18 25 y
1391 1622 71 27 font.

780 1646 31 27 Sa
831 1648 111 34 Majeft-
970 1654 43 24 n'a
1037 1661 46 22 pas
1100 1654 43 27 été
1162 1654 12 27 à
1198 1655 120 37 Roftok,
1352 1662 25 26 &
1398 1662 59 26 l'on

780 1683 86 31 doute
883 1688 109 32 qu'Elle
1009 1691 100 27 vienne
1129 1694 12 26 à
1159 1695 128 33 Svverin,
1303 1701 156 33 quoiqu'on

778 1731 18 27 y
814 1723 37 28 ait
866 1723 50 28 fait
932 1726 46 28 des
1002 1730 162 32 préparants
1179 1741 71 26 pour
1266 1734 24 26 fa
1307 1736 152 34 réception.

783 1762 124 27 L'armée
927 1766 120 28 Danoife
1070 1776 13 19 a
1107 1773 136 26 continué
1266 1774 24 25 fa
1307 1783 83 19 route
1410 1779 47 27 pat

778 1800 144 28 Nic.wen
940 1802 133 30 K'oofter
1089 1806 35 28 où
1142 1808 54 28 elle
1213 1817 13 20 a
1251 1809 48 28 fait
1315 1812 56 28 alte
1389 1821 53 24 pen-

777 1838 69 27 dant
862 1840 71 26 deux
952 1844 86 27 jours.
1077 1846 61 26 Une
1155 1848 87 30 partie
1259 1848 35 28 de
1310 1860 72 19 cette
1400 1847 40 31 mê-

778 1885 44 19 me
839 1878 90 27 armée
946 1881 111 28 marche
1074 1884 37 26 du
1130 1884 64 28 côré
1211 1886 34 27 de
1263 1884 195 40 Lubek,d'où

775 1915 54 28 elle
850 1918 25 25 fe
892 1918 98 27 rendra
1006 1920 67 27 dans
1094 1923 22 26 le
1135 1923 204 38 Holftein.par
1358 1911 24 45 lé
1400 1926 60 35 plu»

776 1962 80 19 courr
874 1955 120 30 chemin.
1036 1959 22 27 Il
1077 1959 38 28 eft
1129 1962 70 26 fefté
1214 1963 69 30 dans
1299 1967 106 28 Roftok
1422 1969 38 22 un

776 1993 209 30 Commandant
1002 1998 111 27 Danois
1128 2009 65 18 avec
1209 2011 54 20 une
1279 2007 130 33 garnifon
1427 2001 33 27 de

778 2039 71 28 1500
865 2031 141 33 hommes.
1045 2039 54 28 Les
1116 2041 117 30 Suédois
1248 2043 32 30 de
1298 2034 161 39 Straalfund

1406 2080 50 28 ont
