1511 2137
235 463 51 45 2)
311 463 44 45 V
413 463 35 54 J
478 463 39 43 E
546 462 44 44 V
618 463 48 43 T>
694 463 21 41 î
774 465 64 44 18.
867 464 178 57 Janvier
1102 481 19 31 i
1129 483 25 40 7
1154 482 71 31 j*.

63 227 369 78 GAZETTE
448 252 56 51 de
931 244 516 64 ROTTERDAM

167 570 40 27 De
228 570 120 28 Madrid
359 570 22 27 le
402 579 21 20 5.
444 570 129 28 Janvier.

52 604 156 152 PAr
226 609 40 28 les
282 608 96 30 lettres
402 609 33 26 de
451 605 156 39 Sarragofle
625 606 35 28 du
680 615 44 25 19.

178 647 35 27 du
231 648 72 27 mois
326 647 111 28 dernier
459 654 37 19 on
520 646 125 34 aprend,
669 653 54 27 que

175 681 39 32 les
239 686 128 28 ennemis
389 685 76 27 aiant
488 684 149 34 beaucoup
660 692 50 20 ren-

175 722 77 31 fotcé
276 725 59 26 leur
358 723 197 28 détachement
578 722 106 30 deftiné
709 719 13 27 i

50 781 26 24 tt
176 761 157 30 introduire
350 763 37 27 du
402 761 111 30 fecours
527 762 67 28 dans
613 761 26 28 le
656 758 51 30 châ-

52 810 5 13 -1
94 791 59 32 ude
171 802 152 33 Cardone,
346 802 33 27 ils
402 801 142 28 tentèrent
561 801 47 35 d'y
626 797 94 30 réuflir

48 842 27 26 y
90 835 41 39 11;
143 835 113 33 tâchant
278 841 34 27 de
338 839 90 28 forcer
444 840 158 35 quelqu'un
618 837 34 27 de
671 842 50 21 nos

48 866 144 56 partie,j.
217 879 22 27 i|
246 888 9 19 s
279 878 93 30 furent
394 875 141 35 tepouflés
559 878 70 26 ttois
650 875 72 31 fois,

71 911 38 22 •«c
125 917 51 24 une
194 917 96 27 valeur
306 914 157 31 incroïable
476 914 34 27 de
527 924 52 19 nos
594 920 128 27 troupes,

78 946 32 22 3IS
124 946 76 37 étant
216 964 116 20 revenus
351 954 25 27 le
392 953 161 30 lendemain
570 952 14 30 à
598 953 24 28 la
640 953 65 27 char-

47 1005 22 28 te
85 1016 12 18 r
115 984 37 44 '''.
172 994 163 27 trouvèrent
359 992 99 27 moïen
482 992 37 27 de
541 991 67 27 faire
626 997 93 21 entrer

210 1032 67 27 dans
306 1041 31 18 ce
357 1030 132 28 château.
529 1032 47 26 On
600 1029 41 28 dit
666 1033 54 28 que

47 1082 6 8 ,
89 1063 104 32 °«nier
208 1070 113 27 combat
343 1069 70 27 dura
436 1078 18 24 4
476 1069 100 26 heures
589 1085 8 13 ,
617 1068 25 26 &
666 1074 53 28 que

96 1103 123 33 ennemis
235 1117 17 26 y
272 1115 52 19 ont
340 1107 86 34 perdu
451 1113 51 25 500
519 1103 148 33 hommes,
690 1104 27 25 «Se

45 1133 66 30 n°us
129 1149 51 26 300
201 1152 84 21 outre
304 1150 53 18 aoo
378 1139 109 30 hieflés.
524 1141 61 27 Nos
604 1148 117 27 troupes

44 1170 198 38 Cotribattirer.t
265 1187 66 20 avec
354 1176 146 38 beaucoup
526 1180 33 27 de
583 1179 137 38 vigueur,

44 1208 228 45 Principalement
288 1217 38 31 les
340 1218 139 39 régimens
496 1218 33 30 de
544 1217 22 31 la
585 1221 118 26 Couron-

43 1253 33 35 ,e
94 1253 22 26 &
142 1257 202 37 deTruxillo,
370 1259 47 34 qui
442 1267 51 19 ont
517 1258 25 28 le
570 1258 61 34 plus
657 1257 48 30 fou-

53 1292 46 40 fr_t.
139 1297 46 27 On
201 1306 110 30 regrete
335 1298 22 27 le
376 1299 103 26 Comte
501 1297 33 28 de
554 1297 96 28 Mclun
673 1298 46 34 qui

41 1328 13 20 '
70 1328 44 26 eré
129 1335 46 24 tué
198 1344 64 21 avec
279 1348 38 18 un
333 1337 148 34 Capitaine
504 1336 34 27 de
563 1333 158 40 grenadiers

43 1364 44 40 ~!s*
107 1367 103 35 Gardes
226 1374 187 39 Efpagnolcs,
431 1377 24 25 &
474 1372 137 38 quelques
630 1382 92 21 autres

43 1402 135 37 officiers.
229 1417 43 26 Ce
288 1414 67 37 qu'il
373 1423 51 27 ya
443 1413 33 28 de
497 1413 61 37 plus
582 1410 139 37 fatheux,

32 1470 5 6 .
46 1449 58 35 j'"
120 1455 51 26 que
189 1450 24 31 la
233 1455 60 27 nuit
321 1454 35 26 du
385 1462 44 26 13.
450 1461 35 19 «v
511 1462 44 25 14.
581 1449 22 28 le
619 1452 103 28 Comte

44 1480 32 21 °'
96 1482 87 34 Muret
207 1493 151 34 décampa,
387 1492 25 26 &
438 1488 25 28 fe
483 1499 81 19 retira
591 1488 13 27 à
622 1487 100 39 Calaf,

44 1518 196 41 abandonnant
257 1539 80 20 toute
356 1527 152 30 l'artillerie
530 1530 24 26 &
575 1527 37 27 les
628 1530 94 26 muni.

43 1556 72 48 *i°n«,
128 1573 6 17 :
149 1566 20 26 Il
187 1578 18 27 y
220 1570 38 28 eft
272 1567 87 30 arrivé
383 1566 58 28 fans
456 1566 78 27 avoir
550 1566 41 26 été
609 1564 111 37 inquié-

84 1602 44 26 Par
145 1602 35 31 les
196 1609 136 28 ennemis.
371 1607 47 26 On
435 1605 39 28 dit
491 1613 54 25 que
562 1612 28 20 ce
608 1602 93 31 décam-

43 1639 110 51 çment
174 1654 13 18 a
213 1649 41 26 été
279 1646 50 28 fait
354 1644 58 27 fans
435 1644 84 27 otdre
542 1644 35 27 du
605 1643 64 27 Duc
687 1645 32 27 de

48 1671 142 39 Veti<iôme
213 1685 46 37 qui
288 1684 102 30 n'étoit
416 1690 46 26 pas
487 1680 119 31 infotmé
632 1678 34 30 de
689 1690 31 21 ce

43 1741 18 25 p
73 1716 87 30 auvais
185 1721 100 31 rurcès.
343 1720 150 38 Quoiqu'il
519 1729 35 20 en
585 1717 52 28 foit
654 1729 64 22 ,ce

65 1753 70 26 rince
151 1755 14 28 à
184 1760 12 26 f
197 1769 35 19 on
249 1762 124 32 arrivée,
397 1759 135 35 décampa
554 1765 65 21 avec
638 1765 81 24 toute

63 1788 104 39 armée,
190 1800 26 27 8c
242 1799 25 28 fe
291 1800 91 27 rendit
404 1798 13 27 à
439 1800 172 34 Agramunt,
643 1794 35 28 où
698 1795 20 30 il

44 1853 14 26 I
97 1827 104 34 ribuera
219 1837 38 30 les
272 1846 113 26 ttoupes
409 1846 35 18 en
461 1835 122 34 quarrier
600 1833 119 31 d'hiver.

70 1869 13 18 e
86 1872 9 18 '
111 1874 123 28 ennemis
254 1877 63 28 font
334 1877 22 26 la
377 1873 90 30 même
483 1873 93 28 chofe.
615 1874 47 26 On
677 1884 28 18 at-

57 1904 19 20 r,
81 1912 50 20 °ue
145 1917 63 24 tout
224 1915 56 27 cela
299 1913 56 30 àla
372 1912 98 28 difette
487 1915 33 25 de
537 1912 99 26 vivres.
670 1915 48 26 On

60 1943 131 34 ravaillojt
223 1951 15 30 à
265 1951 157 38 Sarragofle
454 1952 13 26 à
491 1961 38 18 un
552 1951 113 26 Convoi
684 1951 35 30 de

74 1978 46 39 !'e
137 1984 52 31 'acs
206 1989 33 28 de
254 1990 89 30 farine
364 1990 47 34 qui
429 1990 103 33 partira
547 1989 24 27 le
591 1997 41 26 30.
653 1990 19 25 '*
693 1989 25 28 la

125 2019 105 38 fournit
255 2037 71 30 pour
347 2029 44 31 cet
412 2027 67 30 effet
504 2028 39 28 les
563 2026 157 38 chatettes,

27 2076 93 37 kilc,.;.
181 2107 12 6 .

770 568 60 31 fans
846 568 162 31 diftinction
1022 569 34 30 de
1074 570 159 35 perfonnes.
1273 575 47 27 On
1336 573 41 30 dit
1400 582 54 26 que

769 607 26 28 le
813 611 64 26 Duc
901 609 33 28 de
950 608 154 31 Vendôme
1120 609 39 27 eft
1180 613 117 27 attendu
1322 613 33 27 ici
1378 621 74 19 cette

770 646 133 30 femaine.
943 651 45 26 On
1007 647 86 28 aflute
1117 657 53 25 que
1198 659 51 19 nos
1270 651 169 35 Plénipoten-

769 686 96 27 tiaires
895 687 138 34 partitont
1070 685 171 31 auioutdhui
1270 698 38 18 ou
1339 690 113 27 demain

770 732 71 27 pour
872 723 25 28 le
921 725 128 37 Congrès
1074 724 157 28 d'Utreehr.
1289 728 41 25 Le
1358 728 54 25 Roi
1437 736 17 18 a

768 762 97 28 donné
891 763 22 27 la
943 764 100 35 charge
1070 764 34 27 de
1131 764 170 27 Lieutenant
1324 764 130 28 Colonel

768 801 35 27 du
831 802 137 37 tégiment
990 803 83 26 Roial
1091 803 34 26 de
1150 803 135 27 cavalerie
1303 803 46 27 des
1367 803 70 27 Afto-

765 840 72 34 ries,
852 841 13 25 à
883 842 38 26 D.
938 842 129 26 Antonio
1082 841 142 27 d'Oviedo
1239 843 214 27 Commandant

767 876 35 28 du
820 876 91 31 même
927 879 148 35 régiment.
1117 881 39 26 Le
1179 880 142 28 Préfident
1344 881 50 27 des
1409 881 32 27 Fi-

764 925 102 20 nances
888 927 13 18 a
921 918 191 28 commencée
1130 926 91 19 entrer
1233 927 35 19 en
1284 920 170 27 conférence

765 954 69 27 dans
859 954 25 27 la
909 954 107 28 maifon
1041 956 38 27 du
1106 954 144 30 Préfident
1274 958 33 27 de
1335 954 117 31 Caftille

767 1000 66 19 avec
857 992 24 27 le
908 994 124 33 Marquis
1054 993 33 28 de
1111 994 118 27 Bedmar
1256 996 24 25 &
1305 993 25 28 le
1346 996 105 26 Comte

767 1030 33 27 de
819 1031 135 37 Bergeik,
976 1033 47 31 qui
1041 1031 60 27 font
1119 1032 128 25 nommés
1263 1039 71 26 pour
1349 1029 103 28 dreffer

767 1065 26 30 le
809 1069 94 26 Traité
924 1069 137 26 touchant
1080 1069 24 24 la
1129 1067 131 26 livraifoh
1285 1068 47 25 des
1356 1067 83 33 provi-

767 1113 73 18 sions
868 1104 14 25 à
911 1103 124 26 l'armée.
1080 1103 22 26 Il
1122 1103 91 33 paroit
1228 1111 54 25 que
1300 1111 30 18 ce
1346 1103 105 26 Comte

767 1149 13 19 a
797 1140 106 37 changé
920 1141 137 35 quelques
1080 1139 107 30 articles
1204 1140 33 28 de
1256 1140 47 28 fon
1319 1148 130 20 nouveau

767 1179 85 39 plan,
870 1180 151 37 pareequ'il
1041 1181 43 27 n'a
1109 1188 45 27 pas
1174 1179 99 28 trouvé
1298 1175 25 31 la
1348 1175 104 32 facilité

767 1219 70 35 qu'il
863 1220 174 37 s'imaginoit
1055 1219 69 28 dans
1148 1220 48 27 (on
1213 1219 161 28 exécution.
1427 1220 25 26 A

768 1259 105 38 l'égard
891 1259 35 28 du
938 1259 112 30 Confeil
1069 1259 47 28 des
1133 1257 136 37 finances,
1278 1259 18 27 il
1313 1266 34 20 ne
1363 1258 91 28 craint

769 1298 63 37 plus
852 1297 89 30 d'être
960 1299 130 35 fuprimé.
1141 1298 138 30 Plufieurs
1302 1299 151 27 Provinces

768 1345 52 19 ont
837 1338 79 33 potté
935 1337 72 28 leuts
1028 1337 118 37 plaintes
1161 1337 17 28 à
1198 1338 21 26 la
1237 1339 79 26 Cour
1332 1346 33 19 au
1383 1336 69 35 fujet

768 1375 38 28 du
822 1375 84 28 choix
921 1376 47 27 des
983 1376 156 27 Intendans
1154 1377 50 33 qui
1226 1377 116 26 doivent
1359 1377 94 37 exiger

769 1421 57 19 une
852 1411 100 37 piftole
976 1414 34 28 de
1035 1414 110 35 chaque
1167 1414 70 35 fujet
1254 1416 47 26 des
1324 1415 80 27 villes
1424 1416 27 26 &

768 1449 105 44 bourgs
889 1454 35 25 du
941 1452 155 30 Roïaume:
1113 1454 38 26 Ils
1166 1461 51 19 ont
1233 1453 220 35 reprefenréque

769 1488 24 27 la
811 1489 96 28 mifére
925 1493 111 27 mettoit
1054 1489 24 26 la
1089 1489 111 37 plupart
1218 1491 83 28 d'eux
1315 1491 65 28 hors
1393 1493 46 26 d'é-

768 1534 40 19 tat
826 1530 33 25 de
878 1527 77 34 paier
970 1540 6 17 :
991 1531 32 26 Et
1041 1528 125 34 quoique
1185 1538 71 19 cette
1274 1539 63 19 taxe
1352 1527 39 30 ait
1407 1528 45 31 été

768 1566 124 35 impofée
909 1566 67 28 dans
994 1566 25 28 la
1039 1574 53 20 vue
1108 1567 34 26 de
1160 1566 39 28 les
1215 1576 112 20 exenter
1345 1567 35 27 du
1408 1567 31 27 lo-

768 1612 115 27 gement
899 1605 34 27 de
952 1612 67 30 gens
1037 1605 33 28 de
1087 1613 164 30 guerre,on
1269 1607 40 26 n'a
1328 1615 46 27 pas
1391 1605 52 30 laif-

767 1644 26 26 fé
810 1643 33 28 de
861 1642 118 39 l'exiger
996 1644 85 27 d'eux
1098 1664 8 14 ,
1136 1643 57 28 afin
1211 1654 53 24 que
1283 1644 38 28 les
1336 1652 118 27 troupes

765 1678 107 38 puffent
891 1681 56 30 être
964 1684 93 26 mieux
1076 1683 12 27 à
1106 1684 97 33 portée
1213 1683 98 35 d'agir.
1341 1684 98 32 Cepen-

767 1720 66 27 dant
848 1729 113 20 comme
976 1730 72 19 cette
1063 1729 63 20 taxe
1141 1720 93 37 patoît
1250 1720 206 35 infuportable,

767 1767 39 18 on
829 1768 13 18 a
861 1768 17 18 v
895 1759 83 37 égard
996 1760 14 28 à
1025 1768 44 20 ces
1087 1761 119 34 plaintes
1222 1761 54 32 &
1297 1759 59 28 l'on
1372 1768 13 19 a
1403 1767 53 19 en»

767 1795 66 28 voie
853 1798 85 28 ordre
956 1807 53 19 aux
1032 1798 156 30 Intendans
1205 1798 34 27 de
1256 1798 110 28 donner
1383 1805 70 19 con-
1478 1821 6 4 .

764 1843 157 21 lentement
937 1846 56 19 aux
1009 1834 100 35 fujêts,
1131 1838 25 27 Si
1168 1837 33 27 de
1219 1834 39 30 les
1274 1834 125 35 foulager
1416 1839 35 18 en

764 1883 65 20 tout
852 1884 31 20 ce
899 1876 50 31 qui
965 1874 54 30 fera
1038 1874 67 33 jufte
1129 1876 24 26 &
1179 1873 189 27 raifonnable.
1411 1869 40 27 Le

767 1913 124 37 Marquis
906 1912 33 30 de
954 1915 56 37 Bay
1026 1912 145 38 Capitaine
1188 1910 119 31 Général
1331 1905 107 30 d'Eflre-

765 1952 136 27 madoure
913 1952 154 34 .continue
1087 1951 38 27 fes
1150 1950 178 27 conférences
1345 1954 66 20 avec
1430 1945 25 30 le

767 1991 105 28 Comte
887 1990 33 27 de
932 1990 116 37 Bergeik
1061 1989 43 27 fur
1123 1988 35 28 les
1167 1987 107 28 affaires
1287 1983 67 30 delà
1367 1988 67 26 Cam-

767 2036 96 31 pagne
891 2028 152 34 prochaine
1067 2033 99 24 contre
1189 2023 26 27 le
1237 2023 136 39 Portugal
1393 2044 8 15 ,
1431 2023 26 30 le

879 2067 30 28 H
1396 2063 56 31 Roi
