1446 3542
113 2894 169 32 Onécritd
319 2898 118 32 Jrrecht
454 2923 7 13 ,
485 2902 156 40 quc!e2<,.
663 2903 171 31 Meffrs.dc
857 2902 148 35 Polignac
1029 2900 32 28 Se
1088 2897 151 44 Ménager
1261 2900 92 35 Pléni-

77 2935 202 44 potentiaires
314 2947 15 19 e
346 2939 120 31 France
481 2943 28 27 fc
528 2944 157 27 rendirent
696 2946 14 25 à
729 2946 25 25 la
767 2940 119 30 Maifon
896 2941 37 26 de
945 2937 85 31 Ville
1041 2948 74 28 pour
1128 2942 65 30 voir
1211 2944 27 31 la
1252 2944 94 32 Cham-

77 2981 54 28 bre
148 2975 40 32 où
206 2974 28 31 fc
252 2975 66 30 doit
340 2978 81 31 tenir
439 2979 27 30 h:
493 2981 137 37 Congrès
650 2992 6 18 :
680 2982 41 26 Ils
743 2980 124 27 doivent
893 2979 96 37 régler
1006 2989 73 22 avec
1102 2983 43 32 les
1168 2983 184 44 Plénipoten-

79 3021 106 31 tiaires
200 3018 50 30 des
268 3015 231 33 Alliés,l'ordre
516 3020 92 35 qu'on
624 3018 161 31 obfervera
798 3018 73 31 dans
886 3028 81 22 cette
983 3024 111 38 grande
1113 3027 187 31 Affemblée.
1316 3028 56 27 Oa

83 3058 169 37 travailloit
267 3056 63 32 àde
348 3067 157 20 nouveaux
521 3058 174 38 réglemens
710 3058 37 31 de
765 3058 98 41 police
882 3070 76 31 pour
977 3064 26 31 la
1019 3071 178 38 rranquiliré
1217 3069 34 28 de
1271 3066 27 26 la
1312 3067 45 26 vil-

80 3104 41 31 le.
163 3098 117 34 Meffrs.
305 3125 4 2 .
319 3098 92 32 ander
428 3097 113 34 DufTen
559 3100 31 31 Se
605 3098 143 44 Goflinga
762 3110 19 32 y
798 3102 168 35 artiverent
990 3107 27 32 le
1035 3117 45 24 zc
1104 3122 35 19 au
1156 3107 80 32 loir,
1256 3104 32 28 &
1305 3105 66 28 l'on

81 3152 21 30 y
112 3143 106 33 attend
228 3141 63 32 Mr.
309 3143 38 32 de
373 3139 169 44 Randwyk
557 3139 126 35 Samedi
705 3145 158 40 prochain.

135 3228 53 31 On
206 3227 106 37 attend
326 3227 38 32 de
379 3228 66 38 jour
461 3227 17 32 à
494 3237 84 22 autre
594 3228 14 31 à
626 3229 27 31 la
669 3228 83 33 Haie
767 3231 43 31 les
827 3230 130 31 Comtes
969 3231 38 27 de
1018 3228 152 32 Rcgreren
1186 3219 30 31 &
1230 3219 34 32 de
1276 3220 81 44 Knip-

98 3267 112 37 huyfcn
227 3278 77 28 pour
317 3268 30 31 fe
363 3269 110 30 rendre
496 3272 69 27 aufli
583 3272 14 28 à
617 3270 137 31 Utrecht
774 3281 38 20 en
834 3270 112 38 qualité
969 3269 37 27 de
1031 3260 288 38 Plénipotentiaires
1341 3265 38 31 de

94 3306 107 28 l'Etar.
242 3306 46 30 Le
304 3307 124 30 Cor.fcil
443 3309 105 28 d'Etat
565 3321 15 18 a
596 3309 129 39 expédié
741 3311 35 27 de
800 3315 156 21 nouveaux
978 3304 102 30 ordres
1101 3306 54 21 aux
1172 3298 158 32 Généraux
1345 3306 33 25 &

91 3353 58 19 aux
164 3344 213 28 Gouverneurs
392 3347 52 27 des
467 3348 102 38 places
588 3348 37 27 de
643 3348 163 32 Flandres,
833 3348 32 26 &
886 3344 38 28 L.
940 3341 41 28 H.
999 3339 168 31 Puiflaiices
1188 3343 38 21 en
1247 3346 54 20 ont
1320 3348 35 20 en-

90 3384 70 31 voi»
182 3383 69 31 aulC
265 3391 58 21 aux
341 3381 181 33 Amirautés
537 3387 52 27 des
604 3385 176 30 Provinces.

357 103 756 52 SUPLEMENT

143 220 41 24 __■
206 204 43 39 la
261 203 176 40 Gazette
448 207 44 37 de
503 204 247 51 Rotterdam,
777 210 48 39 du
848 210 65 43 i8.
933 210 178 54 Janvier

79 308 318 178 QUoique
422 309 198 43 l'Empereur
656 313 74 31 n'ait
754 322 52 32 pas
824 315 100 31 donné
945 317 38 32 de
1007 327 158 22 nouveaux
1189 320 171 39 rcglemens

278 361 73 31 pour
366 361 146 22 remettre
522 363 37 20 en
575 354 79 30 train
665 356 28 31 la
703 354 90 33 Diète
809 356 257 40 dcßatisbonne,
1080 371 39 19 on
1134 363 113 38 aprend
1263 363 83 39 qu'el-

272 394 30 28 le
317 403 39 21 ne
371 393 110 31 laiilbit
498 404 50 30 pas
561 393 38 32 de
614 396 185 33 s'aflcmbler
820 407 65 21 tous
907 400 41 31 les
966 400 183 33 Vendredis.
1209 400 45 32 Le
1277 405 83 28 bruit

270 433 120 32 couroit
406 437 112 38 qu'elle
533 435 92 32 feroit
640 439 167 32 transférée
822 450 17 21 a
856 442 197 43 Augsbourg,
1076 444 78 31 mais
1173 454 40 21 on
1237 452 15 20 a
1267 445 93 39 peine

269 478 17 27 à
302 476 27 30 le
343 476 119 35 croire,
482 477 137 30 d'autant
637 489 57 30 que
707 481 66 31 cela
789 484 183 30 retarderoit
989 485 37 30 de
1048 485 158 41 beaucoup
1227 485 43 32 les
1283 485 65 30 déli-

79 511 154 34 bérations
249 517 73 30 dans
337 517 43 30 les
404 516 136 37 formes,
562 528 39 20 au
615 519 61 32 lieu
696 524 91 37 qu'on
806 524 41 30 les
867 523 65 31 doit
956 528 164 37 reprendre
1142 536 74 21 avec
1238 530 65 38 plus
1322 524 41 33 do

69 553 143 38 chaleur,
226 557 43 31 les
276 557 197 32 conférences
490 557 48 32 fur
555 560 26 30 la
592 562 71 38 paix
678 563 81 30 étant
776 563 45 32 fur
836 565 28 31 le
886 566 86 40 point
991 568 38 28 de
1045 569 129 30 s'ouvrir
1188 569 15 28 à
1213 567 149 32 TJtrccht.

71 595 27 27 C
113 595 41 31 eft
172 607 35 21 ce
222 599 50 39 qui
291 609 113 31 engage
423 600 200 41 l'Empereur
637 613 14 20 a
667 614 159 22 concerter
844 615 72 20 avec
934 609 44 30 les
994 607 86 32 Etats
1095 611 37 31 de
1149 609 152 39 l'Empire
1318 609 45 30 les

67 637 135 32 mefures
219 638 180 34 néceflâires
416 651 74 30 pour
513 641 117 41 pouffer
657 648 27 26 la
707 654 105 30 guerre
836 657 73 21 avec
933 651 63 37 plus
1012 650 35 32 de
1065 650 143 40 vigueur,
1230 654 32 27 Se
1276 654 15 27 à
1305 648 46 33 dif-

70 677 91 37 pofer
174 689 84 22 toute
273 681 90 31 chofe
394 691 76 31 pour
489 692 104 21 entrer
611 686 39 30 de
670 686 99 31 bonne
796 687 90 32 heure
908 698 38 20 en
967 690 190 43 Campagne.
1219 691 83 32 Pour
1316 691 50 30 cet

71 717 92 37 effet,
176 720 24 31 il
220 720 65 32 doit
304 723 30 30 fe
350 720 118 33 former
490 735 37 20 un
543 723 138 34 Réfultat
706 726 57 33 afin
784 728 176 34 d'exhorter
983 731 44 32 les
1044 736 125 30 i'rinces
1191 737 30 28 &
1239 733 86 31 Etats
1346 735 19 28 à

69 759 120 31 tournir
203 762 39 30 de
262 763 102 31 bonne
380 763 92 33 heure
487 765 78 32 leurs
578 769 183 40 contingens
784 780 37 20 en
847 771 142 33 hommes
1004 775 84 30 &en
1109 784 117 32 argent.
1265 775 81 41 Quoi-

69 808 59 28 que
144 802 41 30 les
203 802 128 34 Cercles
347 804 98 33 foient
459 806 38 31 du
514 806 105 33 même
635 811 61 27 avis
716 810 35 31 de
770 810 28 32 fe
815 820 115 25 mettre
944 824 39 20 en
1006 814 99 32 bonne
1130 817 136 40 pofture,
1289 822 22 26 il
1328 826 39 22 ne

65 842 87 30 Jaifle
169 853 51 30 pas
233 844 53 39 d'y
301 856 86 20 avoir
402 847 163 39 beaucoup
582 848 37 32 de
638 850 129 39 plaintes
781 853 38 31 de
834 862 35 21 ce
887 863 59 30 que
969 857 43 28 les
1028 855 86 33 Etats
1140 869 38 20 ne
1194 857 104 40 paient
1315 868 52 28 pas

69 883 80 30 leurs
165 894 170 32 arrérages,
357 896 38 22 en
413 888 78 35 forte
508 899 57 30 que
585 889 26 32 le
628 889 177 33 Directoire
823 894 39 28 du
885 896 110 31 Cercle
1010 896 38 32 de
1071 896 171 34 Franconie
1267 909 17 20 a
1299 909 45 21 me-

69 925 76 28 nacé
158 926 35 30 de
213 927 144 40 procéder
373 939 53 30 par
443 930 163 32 exécution
624 932 148 31 militaire
788 944 107 24 contre
911 948 78 20 ceux
1004 937 39 32 de
1059 950 34 21 ce
1113 941 113 31 Cercle
1243 941 50 39 qui
1309 951 58 20 ont

63 966 124 39 Négligé
202 969 39 30 de
261 979 96 28 paier.
399 969 46 32 Le
463 969 181 35 Directoire
659 973 37 32 de
716 972 144 32 Maience
879 976 84 34 aïant
986 990 67 30 reçu
1072 984 90 30 ordre
1178 983 38 31 de
1234 984 27 30 la
1280 981 85 31 Cour

63 1007 39 27 de
119 1015 103 32 porter
244 1019 14 19 a
285 1011 26 30 la
324 1009 163 34 Dictature
513 1012 161 43 publique,
698 1016 40 31 les
761 1017 104 30 lettres
886 1026 58 27 que
964 1020 26 28 la
1013 1017 99 35 Reine
1135 1025 37 28 de
1196 1024 27 28 la
1239 1024 126 30 Grande

67 1049 154 37 JJrctagnc
240 1051 32 30 &
291 1051 157 32 Meilleurs
469 1054 43 31 les
528 1052 87 33 Etats
631 1056 163 31 Généraux
809 1067 56 22 ont
879 1057 80 33 écrit
981 1062 105 39 depuis
1102 1074 58 27 peu
1174 1076 17 18 a
1209 1065 27 30 la
1254 1064 112 34 Dicte,

69 1089 70 30 cela
150 1089 46 31 fut
213 1094 128 30 exécuté
357 1095 28 30 le
404 1100 45 25 16.
470 1095 37 30 de
526 1104 33 20 ce
575 1098 92 28 mois.

106 1169 129 32 Suivant
252 1173 41 30 les
308 1182 61 21 avis
385 1173 39 31 du
442 1175 106 34 Nord,
572 1178 125 32 l'armée
716 1179 136 31 Danoifc
881 1183 154 30 marchoît
1055 1186 47 30 fur
1122 1188 77 28 trois
1215 1189 150 30 colonne»

70 1220 67 21 vers
161 1214 27 27 le
206 1213 158 37 Holftein,
391 1217 80 32 l'une
497 1228 52 28 par
572 1219 26 30 le
620 1219 155 30 territoire
798 1218 39 31 de
854 1219 126 35 Lubek,
1005 1222 28 30 la
1055 1222 130 33 féconde
1208 1235 54 31 par
1283 1228 85 28 celui

71 1252 39 30 de
126 1250 79 34 Saxe
224 1254 254 41 Lauwcnbourg,
497 1259 77 30 &la
591 1257 151 31 troifïême
758 1258 81 31 droit
863 1270 66 21 vers
953 1261 26 32 le
998 1263 152 33 Holftein.
1212 1267 60 31 Ces
1293 1267 76 30 trois

70 1300 67 21 cors
151 1293 145 33 dévoient
317 1296 26 31 fe
360 1296 178 33 rafTemblcr
552 1299 78 30 dans
643 1309 40 20 un
702 1299 65 38 jour
782 1310 40 21 ou
836 1302 79 32 deux
939 1302 17 32 à
980 1305 132 33 Grande.
1175 1309 27 31 Il
1227 1307 41 34 eft
1293 1306 76 34 refté

71 1331 74 33 dans
167 1336 141 39 plufieurs
325 1348 94 28 portes
435 1341 35 31 de
489 1339 203 37 Pomeranie,
710 1348 76 25 6000
802 1343 135 38 Danois,
959 1352 78 26 6000
1051 1348 118 34 Saxons
1191 1352 33 31 Se
1252 1362 39 20 un
1315 1362 37 30 pa-

70 1376 58 28 reil
144 1378 130 32 nombre
289 1380 37 30 de
344 1380 196 33 Mofcovites.
583 1383 46 31 Le
645 1390 275 27 commandement
934 1388 118 38 général
1070 1390 35 28 de
1121 1400 51 21 ces
1188 1400 122 30 troupes
1323 1391 46 33 eft

69 1416 102 30 donné
187 1419 15 30 à
220 1419 109 32 Mr.dc
341 1421 224 33 Wackerbaart
582 1424 129 31 Général
724 1424 102 31 Saxon
837 1437 6 20 :
861 1428 25 30 Il
904 1437 13 20 a
937 1428 59 40 pris
1015 1429 50 32 fon
1074 1431 150 41 Quartier
1237 1431 113 41 àGripf-

70 1457 164 37 waldc.où
253 1461 79 31 deux
350 1463 150 39 régimens
514 1465 118 32 Danois
648 1467 31 30 &
696 1475 38 19 un
749 1466 37 31 de
803 1463 117 37 Saxons
937 1470 228 43 deFlemming
1182 1475 69 30 font
1265 1474 102 33 entrés

70 1507 40 21 en
131 1501 150 38 gamifon.
328 1502 60 32 Les
413 1506 103 30 lettres
539 1507 37 30 de
598 1505 187 32 Carelskron
807 1515 123 33 portent
946 1532 8 13 ,
983 1513 92 38 qu'on
1100 1522 19 31 y
1141 1515 99 30 tenoit
1263 1524 39 24 10
1323 1515 31 31 zé-

70 1548 122 31 gimcns
215 1543 38 31 de
278 1545 154 32 cavalerie
454 1547 116 30 chacun
591 1550 34 28 de
645 1547 85 31 mille
746 1550 154 34 chevaux,
921 1552 30 30 &
978 1560 35 21 10
1032 1553 154 41 régimens
1201 1556 150 32 d'infante-

138 1583 37 31 de
193 1592 78 21 1200
286 1585 159 38 hommes,
462 1587 81 40 prêts
557 1589 15 30 à
592 1589 214 43 s'embarquer
820 1602 76 31 pour
912 1590 99 43 paffer
1026 1604 38 22 en
1085 1596 196 34 Pomeranie.

265 1665 85 33 Suite
364 1667 53 33 des
432 1670 156 32 nouvelles
604 1670 37 32 de
656 1671 85 31 Paris
759 1670 38 28 du
814 1681 45 20 22.
878 1675 39 30 de
930 1685 37 21 ce
981 1678 91 31 mois.

105 1726 24 14 
155 1704 118 43 Depuis
291 1710 26 27 la
333 1709 81 31 levée
430 1710 40 31 du
484 1710 74 41 fiége
575 1714 39 30 du
630 1711 124 32 château
771 1711 35 32 de
824 1713 162 38 Cardone,
1009 1728 40 20 on
1068 1719 104 40 publie
1186 1730 58 32 que
1260 1722 27 32 le
1297 1723 74 31 Duc

71 1767 24 15 „
115 1746 38 31 de
170 1747 168 34 Vendôme
354 1759 92 24 avant
461 1750 30 32 fa
507 1754 125 30 retraite
656 1753 14 28 à
693 1750 193 41 Agramunt,
909 1757 83 32 avoit
1007 1757 80 33 laifle
1106 1770 59 22 une
1181 1761 185 34 nombreufe

66 1809 26 14 „
112 1789 142 39 garnifou
278 1789 17 32 à
318 1791 156 38 Ccrvera,
496 1802 39 20 en
555 1795 77 27 forte
650 1793 76 38 qu'il
742 1796 130 40 efpéroit
896 1798 35 31 de
951 1802 158 33 conferver
1131 1814 33 21 ce
1183 1805 91 38 pofte.
1315 1804 57 33 On

66 1850 24 15 3,
112 1839 94 21 avoue
224 1841 58 30 que
299 1832 44 30 les
360 1833 406 41 troupes,principalement
787 1840 45 28 les
847 1838 183 44 Elpagnols,
1043 1853 54 24 ont
1113 1848 176 28 extrêmenr
1304 1846 51 31 fou-

63 1891 26 17 _,
111 1874 61 26 tert
188 1874 28 28 la
233 1874 182 40 Campagne
438 1874 139 32 dernière
607 1887 38 20 en
667 1877 169 44 Catalogne
878 1891 58 30 que
958 1892 83 22 toute
1067 1887 66 30 leur
1154 1887 150 32 cavalerie
1328 1887 43 32 eft

63 1932 13 15 3
77 1943 7 4 .
110 1920 123 28 ruinée,
255 1915 32 31 &
305 1925 58 28 que
381 1918 65 28 leur
467 1913 170 35 infanterie
654 1918 41 32 eft
713 1920 65 28 aufli
795 1932 37 20 en
852 1920 59 31 fort
934 1925 138 31 mauvais
1095 1928 71 30 état.
1230 1926 44 33 Le
1297 1931 71 28 Duc

64 1974 26 15 o,
112 1952 37 32 de
167 1952 169 34 Vendôme
353 1956 74 33 étoit
444 1959 97 37 ocupé
563 1959 14 30 à
605 1968 112 22 mettre
735 1959 40 32 fes
794 1972 122 31 iroupes
931 1974 38 21 en
989 1967 136 39 quartier
1139 1968 233 40 d'hiver,aprèsi

61 2015 28 17 „,
113 1995 70 37 quoi
201 1996 19 30 il
239 1997 103 31 devoir
369 1998 26 30 fe
419 1998 109 31 rendre
553 2002 14 26 à
592 2000 136 31 Madrid.
768 2001 45 32 Ce
839 2003 106 31 Prince
965 2016 72 28 pour
1055 2009 107 40 garder
1183 2013 27 31 le
1228 2010 79 39 pofte
1330 2011 40 32 de

61 2055 25 15 _,
112 2035 115 37 Calaf,
254 2046 19 31 y
295 2048 15 20 a
333 2037 60 31 mis
416 2048 14 28 5
452 2039 168 33 bataillons
643 2052 77 21 avec
741 2052 37 22 an
803 2046 150 38 régiment
977 2048 38 32 de
1045 2050 129 40 dragons
1204 2050 51 39 qui
1279 2052 92 32 n'ont

63 2098 24 14 3,
115 2086 52 30 pas
184 2087 66 22 tant
268 2076 120 33 fouffert
407 2089 59 33 que
484 2081 41 32 les
541 2093 100 22 autres
658 2086 130 39 pendant
810 2085 28 31 la
857 2085 196 45 Campagne:
1085 2091 59 31 Les
1163 2094 143 30 ennemis
1328 2102 40 20 ne

63 2139 26 15 „
112 2118 8 30 1
135 2128 56 20 ont
215 2120 172 33 nullement
412 2124 135 35 inquiété
570 2124 73 31 dans
666 2125 28 30 fa
719 2127 130 30 marche.
900 2130 53 31 On
978 2130 138 32 travaille
1139 2131 39 32 ici
1201 2135 15 31 à
1238 2134 77 31 faire
1337 2133 33 31 le

66 2180 24 14 „
112 2160 105 39 procès
233 2171 37 19 au
285 2161 46 30 Sr.
348 2163 37 31 de
412 2161 81 33 Lifle
513 2174 73 31 pour
604 2165 90 33 s'être
716 2169 86 30 vanté
824 2169 38 32 de
885 2170 97 31 favoir
1004 2171 133 39 changer
1161 2174 43 33 les
1225 2176 144 34 métaux,

66 2219 22 15 „
111 2209 39 20 en
170 2202 72 39 q.oi
265 2202 21 31 il
304 2204 48 30 n'a
370 2213 38 31 pu
428 2206 110 30 réuflir.
583 2206 45 32 Le
652 2207 90 31 Bailli
762 2209 37 31 de
824 2211 142 31 Noailles
987 2223 14 19 a
1025 2213 47 30 été
1094 2216 276 41 dangereufemenc

64 2259 28 18 a,
115 2242 141 35 malade,
279 2244 77 30 mais
373 2246 21 30 il
413 2245 27 33 fe
459 2257 89 31 porte
565 2250 117 28 mieux.
723 2249 58 31 Mr.
802 2252 149 31 Clément
965 2254 102 32 Garde
1082 2256 38 31 de
1144 2259 27 28 la
1198 2255 156 32 Bibliothc-

66 2303 25 14 „
113 2284 111 38 que-du
242 2283 80 37 Roi,
343 2288 32 30 &
393 2288 61 31 Mr.
474 2289 293 32 ThieriConfciilcr
783 2301 35 20 au
834 2293 105 32 Grand
956 2295 126 32 Confeil
1102 2297 64 31 font
1183 2306 105 22 morts.
1312 2298 54 30 On

69 2344 25 13 „
115 2331 15 22 a
155 2324 100 39 publié
278 2336 39 20 un
337 2327 94 32 Arrêt
455 2330 38 28 du
516 2329 126 33 Confeil
669 2331 105 32 d'Etat
789 2333 38 28 du
844 2331 79 39 Roi,
948 2347 189 22 concernant
1157 2337 209 41 l'exemption

69 2385 25 14 „
113 2363 43 32 du
169 2365 139 33 dixième
324 2376 80 32 pour
419 2374 41 27 les
480 2380 103 22 rentes
598 2382 180 32 apartenant
793 2383 38 21 au
849 2376 122 40 Clergé.

107 2447 89 31 Nous
215 2457 151 31 aprenons
374 2451 38 31 de
422 2451 161 38 Flandres,
598 2463 58 32 que
674 2454 41 32 les
732 2456 139 32 ennemis
889 2454 66 34 font
971 2458 85 34 mine
1072 2459 37 34 de
1124 2461 118 32 vouloir
1258 2458 91 34 affem-

73 2487 69 31 blcr
158 2489 145 40 quelques
320 2499 126 32 troupes
465 2502 57 20 aux
539 2504 144 22 environs
698 2498 37 28 de
751 2496 45 32 St.
813 2499 119 34 Orner,
953 2500 74 31 dans
1043 2502 27 28 le
1087 2500 112 32 deffein
1214 2499 136 38 d'inquié-

72 2535 48 24 ter
135 2538 53 20 nos
206 2531 191 33 travailleurs
412 2533 45 30 fur
475 2533 30 30 la
517 2532 117 43 Scarpe
648 2558 7 12 ,
677 2538 77 30 mais
771 2539 40 30 les
831 2539 99 32 Alliés
956 2551 54 20 ont
1035 2539 54 27 (ait
1116 2543 40 27 les
1179 2536 189 41 difpofiiions

70 2569 182 33 néceflaires
275 2581 76 31 pour
365 2574 135 39 s'opoicr
522 2574 17 31 à
561 2575 81 33 leurs
665 2578 138 32 dtflcins.
844 2581 27 31 Il
895 2591 15 19 a
935 2581 76 38 parte
1033 2578 15 28 à
1074 2578 156 31 Bruxelles
1253 2590 115 27 encore

69 2611 146 39 quelques
231 2613 163 40 perfonnes
411 2614 38 31 de
471 2616 26 30 la
516 2614 74 35 fuite
607 2621 52 30 des
678 2619 287 43 Plénipotentiaires
980 2619 37 27 de
1035 2619 130 32 France.
1182 2620 52 33 On
1251 2635 13 20 a
1272 2626 94 38 prend

67 2652 39 31 de
125 2650 138 38 Namur,
286 2665 57 31 que
360 2655 174 33 l'Electeur
550 2660 37 30 de
604 2660 124 30 Bavière
758 2670 15 18 a
790 2669 66 27 reçu
874 2660 61 26 avis
951 2667 57 27 que
1037 2657 27 32 le
1085 2659 66 34 Due
1167 2663 150 33 d'Oflune
1330 2666 33 25 &=

67 2693 31 30 le
115 2693 115 30 Comte
246 2695 38 32 de
304 2696 131 39 Bergeik
449 2700 149 37 partirenr
624 2701 38 27 de
680 2698 120 28 Madrid
822 2699 25 26 le
872 2719 19 13 ..
915 2695 96 33 fefant
1031 2700 63 34 état
1111 2707 145 31 d'arriver
1273 2706 15 26 à
1305 2702 40 26 Pa-

69 2734 43 28 ris
126 2741 90 24 avant
234 2734 28 28 le
278 2735 135 39 premier
428 2737 37 28 de
480 2737 137 30 Février.
678 2735 46 31 Le
741 2735 80 32 bruir
836 2747 87 22 court
941 2751 59 31 que
1017 2744 80 33 leurs
1114 2747 161 35 paffeports
1293 2740 70 26 iont

70 2774 115 32 arrivés
200 2776 15 31 à
233 2774 187 37 Verftilles,
439 2776 32 31 &
487 2774 71 32 c'eft
574 2786 34 21 ce
627 2777 52 41 qui
703 2787 219 33 aparemment
941 2793 73 24 aura
1038 2786 57 30 fait
1116 2787 84 28 hâter
1224 2781 65 27 leur
1307 2777 35 30 dé-

77 2823 69 30 part
161 2817 38 30 de
216 2818 135 32 Madnd.
