1512 2196
50 63 72 22 tune
139 53 76 31 faille
227 52 27 31 ni
273 50 200 33 confifeationi
514 50 141 32 L'intérêt
664 59 61 22 com-

45 103 130 20 mencera
193 94 14 27 à
227 94 92 27 courir
338 94 37 26 du
402 94 61 33 jour
488 94 90 34 qu'on
602 100 65 19 aura
694 94 51 27 mis

46 133 58 27 àla
130 132 137 28 Lotteric.
309 133 46 26 On
377 129 26 30 la
423 131 83 28 tirera
524 131 34 26 ici
579 139 33 18 au
631 130 115 30 moisde

46 170 111 38 Juillet.
208 172 40 27 Le
268 172 104 27 Comte
390 169 35 28 de
451 169 174 28 Metternich
651 169 79 27 Pléni-

52 209 169 37 potentiaire
240 207 37 30 du
296 208 54 28 Roi
370 208 33 27 de
422 206 91 31 PrulTe
537 207 47 28 fait
601 207 143 30 travailler

51 248 14 30 à
76 249 38 27 fes
130 247 152 38 équipages
300 255 72 26 pour
390 244 26 31 fe
435 246 103 28 rendre
560 254 34 19 au
615 246 130 37 Congrès

52 285 165 30 d'Urrechr.
260 283 107 30 Mcffrs.
390 285 105 28 vander
515 283 106 28 Duflen
639 285 25 26 &
684 286 41 26 Go-

53 325 87 38 flinga
158 325 133 34 partirent
308 324 63 28 hier
386 332 33 19 au
445 324 89 26 matin
548 331 71 27 pour
645 322 24 27 la
686 322 40 27 mê-

56 372 47 20 me
117 363 85 34 ville,
219 363 69 27 mais
306 365 53 25 Mr.
380 363 35 27 de
442 364 162 26 Moermont
620 360 38 28 eft
677 360 69 28 refté

54 403 35 27 ici
107 403 13 26 à
139 400 79 30 caufe
234 402 85 27 d'une
343 398 197 37 indifpofition
563 409 48 26 qui
635 399 38 27 lui
704 398 41 30 eft

54 441 150 27 furvenue.
247 439 39 28 Le
314 437 90 30 même
429 441 61 32 jour
515 438 25 27 le
573 438 171 27 Lieutenant

56 478 122 28 Général
190 477 136 35 Cadogan
338 481 39 24 fut
393 485 35 19 er.
445 477 169 28 conférence
631 484 65 19 avec
709 476 37 27 les

57 517 130 35 Députés
201 517 35 26 du
259 515 113 30 Confeil
390 516 92 26 d'Etat
502 534 8 14 ,
530 515 48 37 qui
589 514 39 27 fut
646 513 83 28 .idem-

58 554 46 30 blé
123 554 300 28 extraordinairement
445 553 59 27 hier
527 561 33 19 au
585 553 63 27 foir.
698 554 47 26 On

58 593 71 28 écrit
146 593 33 28 de
198 592 66 28 Bàle
278 612 8 13 ,
300 601 54 26 que
378 592 25 27 le
430 592 122 34 Marquis
576 591 32 27 de
632 589 94 28 Roche-

61 631 74 38 gude
151 631 70 28 étoit
237 630 43 28 fur
299 631 24 27 le
340 631 80 37 point
436 630 65 28 d'en
517 630 85 35 partir
619 637 69 27 pout
698 637 32 20 ve-

63 670 45 28 nir
123 678 35 19 en
176 678 31 19 ce
224 670 72 35 pais.

216 748 37 26 De
268 745 80 27 Paris
365 745 22 28 le
406 755 44 19 11.
467 745 133 31 Janvier.

104 785 47 27 On
176 785 103 26 mande
299 785 34 26 de
358 785 87 26 Cadix
469 785 37 24 du
526 794 45 24 17.
591 785 185 25 Décembre*

70 831 50 26 que
137 823 25 28 le
178 822 89 28 même
285 823 60 32 jour
364 821 24 28 la
404 820 69 30 flote
489 823 34 25 de
542 823 109 26 Buenos
671 822 79 25 Aites

70 862 48 26 mit
136 860 15 28 à
171 860 24 28 la
213 859 76 30 voile
312 868 65 20 avec
393 868 98 27 quatre
511 859 139 27 vaifleaux
665 860 69 26 Fran-

70 899 54 34 çois
142 899 46 32 qui
204 898 116 28 alloieilt
335 899 13 26 à
366 898 22 26 la
407 907 57 18 mer
482 898 35 27 du
537 898 74 33 Sud,
639 900 25 24 &
681 895 69 37 qu'il

70 944 14 30 y
103 937 69 26 étoit
189 938 89 25 arrivé
293 937 34 27 de
346 935 24 27 la
383 937 170 32 Martinique
570 945 53 18 une
639 945 98 18 corvet-

70 983 26 21 te
117 974 48 38 qui
195 983 13 20 a
231 976 111 33 raporté
358 983 56 27 que
441 976 52 26 Mr.
508 976 35 25 du
560 976 191 27 Gué-Trouin

70 1022 33 19 en
119 1015 70 27 étoit
207 1015 70 34 parti
293 1022 65 19 avec
378 1015 52 26 Mr.
446 1011 35 28 du
500 1010 98 35 Cille,
620 1015 26 24 Si
666 1015 85 33 qu'ils

70 1052 60 28 s'en
158 1052 167 27 revenoient
347 1049 156 28 tichement
526 1050 125 34 chargés.
704 1052 47 26 On

70 1089 105 37 aprend
201 1100 46 25 par
273 1088 47 28 des
344 1088 94 28 lettres
464 1089 34 27 de
522 1082 84 33 Calaf
628 1088 48 32 qui
702 1097 50 19 ont

70 1128 70 28 fuivi
156 1126 81 31 celles
253 1127 33 28 de
305 1127 106 27 Madrid
430 1127 37 28 du
487 1137 27 25 4.
529 1127 38 28 les
581 1127 159 27 circonftan-

70 1175 44 19 ces
137 1166 156 33 fuivantes,
311 1166 138 27 touchant
474 1165 25 27 la
523 1166 76 26 levée
622 1166 35 26 du
680 1165 73 38 fiége

71 1205 39 27 du
133 1205 118 28 château
276 1205 33 26 de
325 1205 143 26 Cardonc.
508 1205 39 26 Ce
567 1202 117 28 château
704 1213 33 18 au-

71 1244 57 27 roit
143 1244 44 26 été
202 1244 56 32 pris
273 1243 104 37 malgré
394 1244 38 26 les
443 1239 98 31 efforts
554 1244 47 26 des
617 1244 139 32 ennemis,

77 1280 20 28 fi
112 1290 37 19 on
167 1290 17 27 y
202 1281 74 27 avoit
294 1279 50 30 fait
369 1279 102 27 brèche
495 1280 67 26 dans
580 1290 38 17 un
639 1280 116 28 endroit

70 1317 146 31 acceflible
233 1338 8 13 ,
274 1320 26 24 Si
332 1317 19 27 11
380 1316 69 27 dans
482 1316 24 30 le
537 1326 90 27 temps
664 1322 90 33 qu'on

71 1355 79 30 éleva
168 1364 53 19 une
237 1363 79 21 autre
332 1355 118 30 batterie
461 1364 70 27 pour
540 1356 67 30 faire
619 1367 52 19 une
683 1367 56 19 nou-

1465 34 7 9 1

797 52 74 31 velle
887 53 123 37 brèche,
1033 53 25 31 la
1075 53 61 39 plus
1154 53 105 40 grande
1283 52 89 38 partie
1388 50 33 31 du
1437 50 34 20 '•'

797 103 60 19 non
875 92 61 30 n'ût
956 103 46 27 pas
1017 93 43 28 été
1076 96 113 26 inutile.
1232 96 39 26 Le
1281 91 118 32 Général
1409 90 63 28 Stat'

797 131 236 39 rembergvoiant
1051 142 53 27 que
1115 142 72 19 cette
1206 132 77 35 place
1299 135 70 26 étoic
1385 132 13 26 à
1415 129 56 26 I**

797 171 111 31 trjrmité
931 170 76 30 faute
1031 171 34 28 de
1085 171 139 28 vivies-&
1247 171 35 28 de
1310 168 161 32 munition!)

800 208 128 37 renforça
954 209 25 30 le
1003 208 196 31 détachement
1214 210 48 35 qui
1280 210 69 28 étoit
1368 207 60 40 près
1447 200 25 27 d*

796 246 172 39 Saligariga,
990 249 26 27 &
1042 250 59 26 s'en
1127 249 83 27 (ervit
1234 249 25 27 le
1276 257 44 19 n.
1336 255 71 27 pour
1422 246 50 35 tef

797 292 43 21 ter
856 285 25 28 le
900 285 110 30 fecours
1028 287 33 27 de
1082 295 31 19 ce
1130 285 118 31 château
1264 299 7 15 :
1309 287 70 28 Mais
1401 283 18 28 il
1440 279 32 28 'ut

800 324 126 34 repouflé
944 326 66 26 trois
1026 325 54 28 fois
1101 333 64 20 avec
1183 324 148 38 beaucoup
1349 325 37 28 de
1454 320 19 21 f

797 363 47 27 De
860 370 81 21 notre
964 361 64 30 côté
1051 363 54 38 il-y
1124 372 27 19 ut
1173 370 35 22 60
1225 363 130 28 hommes
1372 363 58 30 tués
1444 357 26 26 0»

797 398 109 31 bleflés.
945 403 45 26 On
1009 410 99 20 trouva
1124 403 87 35 parmi
1230 402 38 28 les
1284 411 104 25 morts,
1404 394 66 34 outf*
1481 396 4 21 I

800 436 25 30 le
840 439 105 28 Comte
960 442 33 26 de
1015 443 117 32 Me'un,
1150 442 24 26 le
1189 442 116 37 Sergent
1325 443 89 32 Ma;or
1428 435 45 28 G'"

798 476 124 34 néral,i
941 478 207 35 Capitainesdu
1169 481 138 35 régiment
1323 480 34 28 de
1376 475 107 34 laCo»'|

798 522 90 21 iontie
902 535 9 15 ,
937 516 22 27 &
977 526 38 19 un
1043 526 78 20 autre
1153 520 94 34 Capit.
1276 519 33 27 de
1328 514 145 40 grenadi*''

800 552 34 27 de
867 553 22 27 la
921 555 180 37 Compagnie
1137 557 47 26 dcs
1212 557 107 27 Gardes
1344 555 129 37 Efpagno'
1481 559 2 14 1

798 589 39 28 les
854 592 13 26 à
886 592 52 35 pié.
986 594 39 27 Le
1043 600 104 22 Comte
1162 598 34 25 de
1219 596 191 35 Statremberg
1431 593 41 25 o*'

800 631 40 26 tré
856 631 33 27 de
906 639 30 20 cc
953 640 122 20 mauvais
1091 631 93 31 furcès
1207 633 91 28 revint
1317 633 25 28 le
1359 644 44 18 11.
1420 632 12 27 i
1455 624 18 27 '*

801 665 120 40 charge,
946 671 25 25 Si
1004 679 71 19 nous
1094 679 111 27 attaqua
1225 680 65 19 avec
1307 681 61 18 tant
1385 672 33 26 de

801 706 59 34 rie,
878 709 67 33 qu'il
957 707 25 28 fe
999 707 31 28 fit
1048 710 61 33 jour
1127 729 9 13 ,
1153 710 25 26 8c
1195 711 54 32 jera
1269 710 76 27 mille
1362 710 37 27 ho
1404 702 69 34 mm"'

801 742 67 31 dans
886 755 28 18 cc
932 742 130 33 <h*âte.u.
1134 749 38 27 La
1198 756 76 26 perte
1298 748 41 28 fut
1359 748 76 38 égale
1457 738 28 27 '*•

802 789 59 28 part
879 785 24 26 &
921 785 119 27 d'autre.
1081 787 84 27 Nous
1173 796 19 28 y
1202 795 76 20 urnes
1299 796 9 19 1
1320 797 28 27 50
1362 784 111 30 homiu''

801 822 60 27 tués
878 833 37 17 ou
932 823 109 30 bleflés.
1096 826 40 27 Le
1160 828 103 25 Comte
1280 828 34 25 de
1332 829 91 24 Muret
1440 824 33 24 e»'

803 866 66 21 voia
887 860 112 30 auflitôt
1017 865 100 25 avertir
1135 863 24 27 le
1178 866 61 25 Duc
1251 863 33 28 de
1291 854 183 39 Vendôme'"

803 905 31 19 ce
850 900 47 35 qui
913 900 97 28 t'étoit
1028 899 71 38 paflé
1119 920 8 17 ,
1149 900 105 31 reftant
1277 911 129 25 toujours
1423 894 51 35 da"'

803 937 25 26 la
847 937 131 30 tranchée
998 948 71 24 pour
1087 950 34 18 en
1130 940 133 30 défendre
1281 941 38 28 les
1338 941 89 35 polies
1436 939 38 33 j"''

803 977 64 33 qu'à
886 985 28 18 ce
930 979 69 30 qu'il
1015 987 28 18 ut
1059 983 102 25 envoie
1180 980 152 27 demander
1357 990 32 18 au
1411 977 64 31 GO'

803 1023 119 19 vcmeur
945 1016 35 26 du
1004 1016 122 27 château
1149 1026 56 18 une
1226 1019 17 25 S
1264 1018 139 35 uvegarde
1421 1016 46 37 po»

803 1051 38 28 les
862 1054 177 34 maladesqui
1056 1055 109 27 étoient
1183 1055 69 27 dans
1270 1055 141 37 l'Hôpital
1421 1044 53 38 de'"

804 1091 77 27 ville.
921 1091 21 27 Il
964 1093 24 27 fe
1004 1094 84 26 retita
1114 1093 111 27 enfuite
1239 1103 66 19 avec
1323 1094 39 28 les
1378 1085 97 38 troup'*

804 1129 35 27 du
859 1128 71 38 fiége
947 1130 58 28 fans
1020 1133 58 26 être
1102 1130 143 35 pourfuivi
1271 1142 46 25 par
1343 1133 39 28 les
1404 1129 71 32 enn*'

806 1168 70 33 mis,
893 1168 14 27 à
925 1170 47 33 qui
989 1169 17 26 il
1024 1170 170 27 abandonna
1212 1172 13 26 8
1245 1172 90 35 pièces
1350 1173 34 26 de
1466 1163 8 24 11

808 1208 24 26 &
849 1217 18 24 4
886 1208 128 27 mortiers
1023 1206 76 31 faute
1109 1207 32 30 de
1160 1209 133 28 voitures.
1304 1212 50 26 Sur
1364 1220 44 18 ces
1421 1214 33 24 t>o
1456 1206 19 24 t'

804 1244 86 26 velles
915 1244 24 27 le
957 1247 63 25 Duc
1036 1247 35 26 de
1089 1246 155 30 Vendôme
1257 1250 79 26 retira
1356 1250 38 27 fes
1413 1245 63 31 rro»'

807 1290 47 27 pes
870 1281 48 27 des
934 1283 104 33 Camps
1056 1284 161 27 deCalaf&
1235 1285 33 28 de
1286 1286 129 30 Pratsdel
1433 1284 39 30 ffi

806 1329 72 30 pour
894 1319 70 30 alJer
978 1320 13 28 à
1010 1322 158 37 Agramunr
1187 1320 38 30 où
1235 1323 15 26 il
1271 1324 72 28 étoit
1357 1324 97 30 arrivé.

844 1359 28 27 Il
879 1368 60 19 nous
948 1370 110 28 manque
1072 1362 67 27 trois
1157 1364 79 27 maies
1252 1363 201 39 d'Angleterre.

117 1444 102 27 Madle.
231 1444 28 27 </*
270 1444 74 27 Rczé
353 1446 79 26 a'iant
441 1444 27 27 la
475 1442 145 38 permiffwn
632 1446 31 27 de
671 1446 59 27 Mr.
741 1446 21 27 le
771 1446 159 28 Lieutenant
938 1448 125 27 Général
1067 1452 30 25 de
1100 1452 99 34 police,
1211 1453 31 28 &
1258 1453 180 37 l'aprobation
1449 1440 28 32 **'

76 1485 41 26 Do
122 1483 81 27 fleurs
214 1492 30 18 en
260 1483 32 26 M
296 1483 99 27 édecine
404 1485 31 26 de
442 1483 26 27 la
475 1483 112 27 Faculté
594 1485 31 26 de
643 1485 89 33 Paris,
743 1487 94 34 guérit
846 1494 63 19 avec
919 1498 34 17 un
964 1488 54 26 8111
1026 1498 41 17 me
1078 1488 171 35 fpécifique,
1264 1493 99 27 tousles
1372 1478 102 43 mauX^

76 1524 73 26 dents
155 1530 67 30 pour
231 1530 117 27 toujours
354 1525 47 30 ,&
409 1522 118 35 quelques
530 1522 93 37 gâtées
628 1522 103 35 qu'elles
735 1524 84 33 f'oient
824 1546 7 11 ,
834 1525 56 28 elles
893 1525 30 38 fe
931 1525 152 37 eonfervent
1085 1526 66 37 fans
1162 1531 100 26 tomber
1269 1532 41 31 ,c>
1319 1532 115 35 empêche
1441 1519 33 44 r/»'

74 1561 35 27 les
118 1567 89 21 autres
216 1570 31 18 ne
249 1559 27 39 fe
280 1559 97 38 gâtent
389 1561 106 35 .guérit
504 1561 34 27 les
547 1563 96 27 ulcères
657 1563 45 37 qui
710 1564 126 27 viennent
844 1564 65 28 durs
919 1566 22 25 le
950 1567 46 25 nés
1005 1566 38 32 ,la
1052 1566 141 34 bouche,les
1195 1570 122 35 gencive.-
1326 1571 31 30 à»

74 1597 89 38 iiffipe
176 1598 126 28 l'humeur
318 1597 170 40 feorbutique
500 1620 7 13 ,
524 1602 97 26 nettoie
632 1603 30 27 &
670 1603 105 35 déterge
782 1603 33 26 les
823 1603 98 27 vieilles
926 1604 84 37 plaies
1019 1606 117 35 réputées
1147 1609 148 26 incurables
1305 1629 7 13 ,
1324 1611 32 28 &
1359 1609 54 39 fait
1424 1604 38 30 te*
1463 1602 12 20 1'

79 1638 45 26 ber
132 1637 28 27 la
169 1637 70 27 carie
247 1638 40 27 des
295 1648 35 18 os.
386 1639 73 26 Peur
469 1639 26 26 la
504 1639 151 27 commodité
671 1641 33 26 du
722 1642 92 37 Public
828 1642 57 26 Elle
893 1644 84 25 donne
986 1643 59 27 avis
1059 1645 171 35 qu'eUeades
1250 1646 111 30 Boutons
1370 1642 104 40 compef

77 1677 46 35 qui
132 1675 175 38 apaifentfur
317 1676 21 27 le
347 1676 85 37 champ
443 1677 32 26 les
483 1678 123 27 douleurs
613 1680 30 26 de
651 1681 84 26 Dents
743 1681 33 26 les
782 1681 58 39 plus
847 1681 124 28 violentes
984 1682 46 35 qui
1037 1684 177 32 proviennent
1231 1685 178 37 defluélwns,
1436 1677 33 30 te*
1470 1671 7 21 1

77 1715 37 26 les
130 1724 80 17 maux
220 1715 30 27 de
256 1716 71 31 tète,
345 1714 189 39 é'prefervent
542 1719 33 25 du
586 1721 120 26 mauvais
716 1720 56 26 air.
788 1720 39 26 Un
837 1720 94 27 bouton
938 1707 132 52 feu/fujjit
1080 1730 66 28 pour
1154 1724 27 25 la
1191 1726 44 26 vie
1250 1726 78 27 d'une
1349 1723 109 39 perfon*
1459 1719 18 21 1'

78 1753 59 26 Elle
146 1762 30 18 ne
185 1753 33 27 les
227 1754 72 27 vend
305 1762 46 28 que
359 1755 47 27 dix
413 1753 61 35 fils.
530 1755 150 37 Elleguérit
694 1767 63 18 avec
770 1761 113 26 une'EiM
899 1760 30 27 les
946 1761 105 26 dartres
1061 1762 73 26 vives
1146 1763 31 28 &
1180 1761 151 39 farineufes
1341 1785 8 12 ,
1369 1756 109 35 bout****

79 1800 142 26 rougeurs,
237 1799 81 20 toutes
330 1794 32 26 les
371 1793 84 27 taches
464 1795 32 28 &
514 1793 148 38 rouffeurs,
674 1796 61 35 fans
748 1805 100 21 retour.
887 1798 54 27 Elle
948 1800 84 26 donne
1039 1798 63 38 auffi
1119 1811 48 17 une
1174 1804 98 33 poudre
1280 1804 47 34 qui
1336 1796 111 34 blanchit
1455 1787 17 28 I*
1472 1786 7 20 1

79 1827 73 28 dent,
162 1831 33 26 les
201 1830 56 37 plus
267 1831 198 38 noircs.Lcfdits
474 1835 112 26 remèdes
588 1832 31 37 fe
622 1837 120 33 gardent
746 1844 60 19 tant
815 1846 48 28 que
873 1838 52 26 l'on
932 1845 64 20 veut
1006 1840 30 30 &
1042 1847 112 28 peuvent
1156 1839 31 37 fe
1196 1840 222 38 tranfporterpar
1427 1827 53 35 te*'.'

79 1865 51 30 Les
135 1871 112 31 pauvres
254 1876 159 21 trouveront
423 1871 33 26 dv
458 1872 180 37 fpulagement
656 1874 54 28 chés
718 1874 106 28 elletous
834 1877 33 26 les
878 1877 110 28 Lundis.
1029 1878 142 27 Madle.de
1186 1881 72 25 Reze
1270 1881 118 27 demeure
1395 1877 15 27 à
1421 1872 59 35 »**'
1482 1865 2 44 i

79 1915 47 18 rue
136 1905 28 26 de
174 1905 26 26 U
210 1907 135 34 Comédie,
357 1909 56 28 chés
419 1912 175 34 ungrenelier
604 1920 34 18 au
638 1912 103 35 fécond
744 1922 176 32 apartement.
960 1917 44 27 On
1013 1917 27 28 la
1056 1924 96 22 trouve
1160 1925 58 21 tout
1233 1919 37 28 tes
1278 1918 78 37 jours
1364 1912 96 43 jufq**
1483 1942 2 5 .

84 1954 9 25 5
104 1944 89 28 heures
200 1943 97 38 dufiir
306 1967 8 14 ,
322 1949 105 38 excepté
443 1949 34 27 les
485 1949 165 30 Dimanches.

120 2029 22 27 A
162 2030 165 33 Rotterdam
340 2053 9 13 ,
359 2041 47 28 par
416 2033 25 28 la
456 2034 87 28 Veuve
557 2036 30 25 de
600 2036 81 28 Saint
690 2036 98 28 Glain-.
810 2040 32 26 Et
859 2039 25 27 fe
892 2039 125 30 vendent
1030 2040 64 28 chés
1108 2041 141 28 Abraham
1263 2042 89 28 Aeher
1367 2036 60 41 près

248 2070 35 28 de
299 2070 26 28 la
341 2072 120 28 Bourfe:
478 2074 22 26 A
519 2070 21 31 la
560 2074 181 30 Haiecnés/»»
758 2078 87 27 Veuve
859 2079 131 38 Vytixerff
1004 2079 63 38 près
1075 2079 34 28 de
1131 2079 26 28 la
1173 2082 98 32 Cour,
1290 2082 54 25 Sac.

200 2108 74 28 Avec
294 2111 19 30 P
324 2112 46 28 RI
378 2113 52 31 VI
441 2112 24 28 L
472 2113 22 30 E
504 2112 24 32 G
539 2113 61 31 Eit
609 2120 56 24 Mes
673 2115 141 37 Seigneurs
827 2118 38 28 tes
882 2118 80 30 Etats
970 2118 31 31 de
1013 2118 133 30 Hollande
1163 2120 31 24 <*•
1204 2121 30 21 J*
1250 2113 132 28 w,Rf*-i>
