2022 3804
61 28 220 51 i_°_7ii.

1775 39 181 65 N*i,s

1956 321 2 1 's
1957 321 1 1 GRAVENHAEGSE
1958 321 1 1 Woensdaegfe
1958 321 2 1 Courant.

722 539 2 19 SPANJEN.

50 575 195 73 Madrid
255 575 38 21 den
307 580 31 19 30
350 575 123 21 November.
485 575 38 21 De
534 575 104 30 Koning
648 575 76 30 kreeg
735 580 61 17 voor
807 575 89 30 eenige
906 575 83 28 dagen

181 613 52 17 met
242 613 79 17 eenen
332 607 135 32 Expreflen
478 615 47 17 van
535 608 50 24 den
595 611 96 31 Hertog
711 615 46 17 van
777 607 132 25 Vendome
919 625 7 11 ,
944 614 47 17 een

182 641 144 32 omftandig
338 643 99 26 veihael
446 650 47 17 van
504 643 43 25 het
559 651 135 18 veroveren
706 650 46 18 van
764 643 32 24 de
807 643 59 24 Stad
875 648 47 17 van
934 643 44 22 Car-

52 674 70 25 dona
133 692 7 11 ,
159 674 61 25 dooi
233 676 47 24 den
294 678 113 30 Maiquis
419 685 46 17 van
480 681 64 26 Arpa
548 679 41 27 jou
600 687 8 17 ;
626 686 52 17 met
698 677 32 32 by
733 679 110 30 voeging
856 694 6 11 ,
881 677 111 24 darmen

50 709 47 25 -het
107 709 94 25 Kafteel
215 711 148 32 vervolgens
381 711 53 24 ook
452 712 50 24 had
521 711 132 33 beleegeid
666 729 8 12 ,
691 719 32 17 en
742 712 43 24 dat
804 712 31 22 de
847 711 145 32 Ingenieurs

52 744 44 24 die
106 744 59 25 daer
178 752 63 17 voor
260 754 79 17 waren
351 762 7 11 ,
376 746 66 33 hope
461 752 80 26 gaven
562 754 44 17 om
626 754 64 18 voor
710 748 41 24 het
769 746 81 32 eynde
869 754 47 18 van
934 746 58 24 deze

51 780 96 25 maend
156 780 52 25 ook
221 780 102 25 meefter
340 780 59 25 daer
411 789 45 15 van
468 788 24 17 te
502 788 57 24 zyn.
587 784 39 21 De
638 784 97 28 Heitog
744 789 47 17 van
802 780 131 25 Vendome
945 780 47 25 had

51 814 146 31 vaftgefteld
208 831 7 12 ,
234 822 43 17 om
287 822 61 18 veor
358 815 41 25 het
410 814 126 32 fcheyden
548 823 47 17 van
608 815 43 25 het
660 819 94 30 Leeger
764 833 7 11 ,
789 817 79 31 Berga
880 815 52 25 ook
945 822 47 27 weg

50 854 28 18 te
90 855 105 18 neemen
208 859 6 18 ;
233 850 116 24 willende
367 852 24 21 al
411 852 39 21 het
463 850 119 22 voetvolk
593 867 7 11 ,
618 852 150 31 mitsgaders
781 850 31 24 de
827 857 25 20 1$
866 849 126 31 efquadts.

50 883 45 24 die
113 885 109 32 onlangs
240 892 43 25 uyt
300 888 117 27 Atragon
429 883 25 25 in
464 885 154 24 Katalenien
631 886 128 31 gekomen
776 893 50 24 zyn
836 902 6 11 ,
863 886 25 24 in
900 886 43 22 het
953 892 26 25 ge-

52 917 86 35 bergte
152 918 66 26 doen
237 920 188 24 ovetwinteren.
451 918 50 25 Die
510 920 122 24 Generael
653 920 51 25 had
716 928 46 15 aen
776 920 31 24 de
826 919 116 33 gemelde
952 927 27 15 ca-

52 956 94 32 valleiy
161 961 8 20 5
184 956 148 30 Leeningen
343 953 67 24 doen
420 952 100 25 betalen
530 971 7 11 ,
556 956 94 24 zender
663 956 41 24 dat
725 956 41 24 die
785 957 146 31 penningen
951 960 41 25 uyt

51 989 32 24 de
92 989 139 32 Krygs-kas
241 994 78 17 waren
331 994 136 25 genomen.
495 990 39 22 De
546 991 102 30 overige
661 990 105 31 Spaenfe
777 996 98 25 ruytery
887 989 65 25 zoud
966 991 25 24 in

52 1024 32 22 de
94 1022 182 32 Koningryken
298 1028 47 19 van
365 1025 116 28 Arragon
501 1029 31 18 en
550 1025 120 22 Valencia
690 1024 99 24 werden
808 1024 136 27 verdeeld;
961 1032 31 14 en

52 1058 78 31 dewyl
141 1057 102 24 dezelve
252 1055 144 34 gedurende
404 1056 79 25 dezen
495 1058 135 25 Veldtocht
640 1067 56 18 zeer
713 1059 54 24 veel
777 1058 120 33 geleeden
909 1058 83 30 heeft,

51 1091 41 24 zal
104 1098 28 25 zy
144 1093 53 22 veel
208 1091 46 31 tyd
270 1096 48 19 van
339 1091 83 24 noden
437 1091 99 27 hebben
547 1111 6 11 ,
569 1101 44 18 om
626 1094 40 32 zig
683 1094 124 25 wederom
817 1098 25 19 te
853 1093 139 26 herftellen.

50 1129 41 21 De
99 1127 107 31 Leegeis
215 1131 33 25 op
259 1124 31 25 de
300 1127 116 24 Grenzen
426 1133 47 18 van
487 1128 171 24 Eftremadura
677 1135 47 25 zyn
737 1135 32 17 nu
789 1135 47 17 van
856 1128 120 25 we'eikan-

50 1167 45 17 ten
104 1167 44 17 ten
157 1161 130 22 eenemael
299 1161 51 22 ook
360 1161 24 22 in
397 1161 32 24 de
437 1165 143 28 quaiticrcn
593 1170 98 26 gegaen
700 1181 8 9 ,
724 1162 96 24 zonder
835 1162 80 25 dat'er
938 1170 53 24 yets

51 1195 28 24 in
90 1194 48 25 den
149 1192 98 27 marfch
259 1195 181 32 voorgevallen
450 1196 30 26 is.
507 1200 38 22 De
555 1200 97 30 Herrog
661 1206 47 17 van
720 1195 93 27 OlTuna
823 1196 41 26 die
883 1198 35 24 als
939 1199 39 24 Ple-

50 1230 182 32 nipoteotiaris
241 1235 48 18 van
300 1230 46 25 den
358 1232 105 32 Koning
475 1232 40 24 het
528 1232 149 25 aenftaende
685 1233 116 31 Congres
813 1239 59 18 over
883 1234 30 22 de
932 1235 46 21 Vre-

50 1264 32 24 de
91 1264 122 31 bywonen
222 1265 60 28 zal,
300 1265 59 24 doet
371 1266 53 22 veel
433 1267 87 22 tocltel
534 1267 92 24 maken
638 1274 44 15 om
691 1265 32 25 de
733 1266 193 34 Geboorte-dag
944 1274 47 18 van

50 1297 50 25 den
110 1298 104 33 Koning
226 1306 32 24 op
269 1299 43 24 hét
320 1300 138 32 pragtigfte
470 1306 25 19 té
508 1303 83 24 vieren
601 1310 7 18 ;
620 1300 117 25 willende
748 1302 26 25 in
784 1302 31 24 de
826 1299 93 27 fchone
932 1304 59 24 Zael

50 1338 51 19 van
111 1339 47 25 zyn
170 1333 87 32 Paleys
268 1341 60 18 eene
343 1342 76 25 rooye
430 1336 124 25 Comedie
563 1337 66 24 doen
652 1343 130 17 vertonen.
809 1338 38 21 De
872 1344 119 25 geiugten

51 1374 104 18 ontrent
164 1367 31 25 de
207 1368 93 25 Vreede
311 1377 47 22 zyn
369 1377 31 15 zo
413 1370 163 31 verfcheyde,
598 1370 43 24 dat
651 1377 59 18 men
725 1370 58 24 daer
794 1378 47 15 van
852 1372 67 24 niets
938 1380 40 15 zee-

50 1402 57 24 kers
125 1402 51 24 kan
195 1408 26 18 te
240 1410 92 17 weeten
352 1404 92 25 komen
458 1414 7 18 ;
483 1406 129 32 alleenlyk
631 1410 57 26 zegt
710 1411 58 18 men
788 1410 46 18 aen
852 1414 47 17 ons
922 1406 70 31 Hef,

50 1436 44 25 dat
115 1444 60 18 men
195 1440 26 22 te
236 1437 136 26 Verfailles
392 1440 64 24 vafte
474 1439 60 25 ftaet
552 1439 115 26 maeckte
684 1456 7 12 ,
718 1439 44 25 dat
781 1439 89 26 indien
889 1441 50 24 alle
959 1442 32 24 de

51 1470 180 26 Geallieerden
256 1473 59 24 daer
343 1473 26 24 in
397 1473 24 24 al
449 1475 53 22 niet
521 1475 120 22 mochten
660 1474 146 31 bewilligen
828 1491 6 12 ,
861 1482 59 18 men
943 1483 48 17 van

50 1506 32 25 de
103 1506 60 25 kant
182 1514 47 17 van
248 1507 132 32 Engeland
399 1508 79 31 geruft
498 1515 81 17 wezen
591 1508 61 24 kon.
670 1507 197 26 Ondeituflchen
879 1509 69 25 heeft
958 1509 32 26 de

50 1543 106 31 Koning
175 1548 47 18 van
241 1543 32 24 de
291 1545 85 21 Staten
387 1548 47 18 van
445 1543 67 24 Oud-
526 1551 28 17 en
567 1543 222 26 Nieuw-Kaftilieh
802 1551 65 21 j«°o
878 1552 113 17 recruten

50 1574 107 33 begeerd
170 1594 7 9 ,
195 1583 45 18 om
249 1583 64 18 onze
326 1576 161 32 regimeoren
496 1578 117 31 voltallig
621 1584 24 18 re
657 1577 93 25 maken
761 1585 8 20 3
777 1585 32 17 en
821 1586 59 17 men
892 1580 99 31 twyfeld

50 1611 54 22 niet
124 1609 30 25 of
169 1610 104 24 dezelve
291 1611 84 22 zullen
392 1612 144 31 toegeftaen
555 1612 109 25 wotden.
692 1615 84 27 »ewyl
796 1620 47 19 een
862 1615 44 24 der
917 1623 59 17 voot-

51 1644 111 25 nacmfte
180 1645 132 24 Articulen
322 1652 47 15 van
381 1644 41 24 het
433 1652 112 26 ontwerp
556 1646 41 24 het
607 1646 63 24 welk
679 1646 32 25 de
722 1648 81 25 Graef
808 1656 48 17 van
867 1650 124 32 Bergheik

51 1680 119 31 gemaekt
190 1680 69 22 heeft
275 1685 39 17 tor
333 1678 171 33 vcibeetering
524 1688 48 18 van
600 1681 32 25 de
651 1682 164 32 Kohinglyke
834 1685 137 25 Finantien
984 1700 7 13 ,

51 1711 103 26 behelfd
163 1729 8 11 ,
189 1713 81 25 dat'er
280 1710 25 27 in
318 1713 59 32 yder
386 1715 128 24 Froyintie
522 1722 46 17 een
580 1715 113 26 Minifter
704 1719 130 24 Diiefteur
846 1724 31 25 zy
887 1727 45 18 om
941 1721 50 24 alle

50 1747 33 24 de
96 1746 204 25 Hoofdfommen
311 1754 24 17 te
344 1746 141 35 ontfangen
496 1759 7 19 s
521 1757 33 15 zo
565 1753 86 28 zyn'et
665 1752 21 24 al
698 1753 91 31 eenige
807 1760 32 18 na
856 1753 31 25 de
899 1753 80 33 refpec-

50 1781 53 22 tive
112 1780 115 26 Plaetfen
237 1783 87 21 alwaer
334 1791 31 22 zy
378 1782 59 25 hare
448 1783 132 25 refidentie
594 1786 100 24 houden
706 1788 84 24 zullen
801 1804 7 12 ,
823 1789 152 25 vettrokken
985 1799 7 19 j

51 1822 33 17 en
94 1822 58 17 men
163 1815 103 33 twyfeld
278 1817 52 25 niet
340 1817 32 25 of
378 1817 61 26 deze
450 1825 72 26 grote
533 1820 61 24 zaek
605 1822 39 22 zal
656 1825 53 20 met
723 1822 47 24 den
781 1821 93 26 eerften
885 1822 107 33 January

51 1850 149 33 weikftellig
211 1851 119 33 gemaekt
340 1852 107 25 worden.
476 1854 60 24 Hier
547 1854 20 22 is
578 1863 51 25 nog
640 1856 31 25 de
680 1856 90 26 minfte
781 1856 91 37 tyding
883 1858 54 25 niet
947 1866 45 17 van

51 1885 44 24 het
106 1883 129 33 Efquadre
246 1886 80 25 onder
335 1886 48 26 den
397 1889 97 27 Ridder
503 1889 33 25 du
547 1890 79 25 Cafle'.

244 1925 563 32 ZWITZERLAND.

86 1968 150 25 Schafbaurun
246 1968 39 19 den
296 1971 28 20 13
339 1968 117 22 December.
482 1968 63 24 Men
563 1968 69 24 heeft
644 1968 54 25 hier
707 1969 84 33 narigr
801 1969 44 24 dat
856 1968 31 25 de
899 1970 94 22 Groor-

50 1998 73 22 Trior
133 2006 46 17 van
193 2000 146 26 Vendome,
358 1998 43 25 die
411 2001 41 31 zig
463 2007 39 18 tot
514 2009 51 24 nog
574 2009 41 18 toe
626 2010 25 17 te
669 2004 135 24 Solothurn
824 2003 171 32 opgehouden

50 2030 70 27 had;
137 2039 47 15 van
195 2030 59 25 daer
265 2040 33 14 na
307 2034 66 21 Lion
384 2035 152 21 vertrokken
548 2042 63 20 was,
630 2042 44 17 om
684 2043 32 15 zo
725 2037 38 21 als
775 2037 33 30 hy
826 2037 50 24 had
895 2043 87 18 verz.ee-

50 2062 81 28 kerd,
152 2063 31 22 de
195 2063 144 32 ontftaning
348 2070 48 18 van
407 2066 48 24 den
467 2068 94 30 jongen
573 2066 102 26 Mafnét
693 2076 47 17 aen
759 2069 43 24 het
820 2068 100 26 1-raruTe
943 2069 53 25 Hof

51 2098 63 24 zelfs
124 2104 24 18 te
158 2096 148 25 vetzoeken.
335 2100 37 21 De
384 2099 81 24 Graef
471 2108 47 15 van
528 2102 217 25 Trautmansdorf
752 2104 20 25 is
793 2109 24 19 te
834 2105 85 24 Baden
937 2112 44 18 aen-

50 2131 93 32 geiand
156 2140 7 19 1
178 2137 32 18 6n
221 2138 59 19 men
289 2132 102 32 twyfeld
403 2134 52 24 niet
465 2133 32 26 of
504 2134 31 33 hy
547 2137 40 24 zal
598 2144 53 18 met
670 2145 47 17 een
736 2138 92 25 nieuwe
847 2134 149 28 Commiflie

50 2173 48 17 van
109 2167 47 24 den
169 2169 98 30 Keyzer
276 2174 120 17 voorzien
406 2174 58 26 zyn.
489 2172 54 22 Een
554 2171 99 25 Franfle
664 2173 105 24 Courier
781 2172 63 25 dooi
854 2174 50 22 den
915 2176 65 22 Vene-

50 2199 96 26 tiaenfe
318 2203 66 24 Paris
396 2210 46 18 aen
454 2210 64 26 zyne
527 2206 135 31 Republyk
674 2207 144 32 gezonden,
828 2215 47 18 was
886 2215 25 18 te
921 2211 53 21 Don-

50 2232 91 27 döfala
151 2236 182 34 aengehouden
345 2254 7 12 ,
370 2237 52 34 dog
432 2245 32 25 op
475 2239 74 25 ordre
560 2248 46 18 van
618 2239 31 26 de
658 2243 146 32 Regeering
826 2250 51 18 van
896 2244 96 22 Milaen

50 2271 144 33 ontflagen.
220 2275 37 24 Te
268 2271 98 26 Milaen
378 2280 46 18 was
432 2281 46 19 een
489 2282 87 27 gerugt
587 2277 37 22 als
633 2276 32 25 of
671 2276 32 25 de
723 2277 116 34 gemelde
857 2276 135 34 Republyk

51 2308 45 22 wel
111 2311 32 27 op
155 2307 89 34 eenige
254 2307 177 25 voorwaerden
442 2309 30 25 in
481 2309 30 25 de
521 2317 72 25 grote
602 2311 124 26 Alliantie
737 2313 104 25 treeden
854 2320 90 25 mogt,
961 2320 31 17 en

52 2343 26 24 in
89 2343 91 24 zulkcn
191 2343 73 32 geval
276 2349 66 17 sooo
353 2350 58 17 man
424 2350 41 18 ten
476 2343 80 26 dienft
566 2354 47 17 van
624 2346 210 26 deGealliecrden
844 2355 32 24 op
887 2348 31 24 de
928 2346 64 25 been

50 2376 112 33 brengen
174 2385 9 20 ;
196 2386 64 17 waer
270 2385 47 18 aen
328 2379 69 24 reële
410 2385 35 18 ter
456 2381 110 24 oorzake
578 2389 46 15 van
634 2381 50 25 den
703 2382 223 33 tegenwosrdigen
939 2387 54 19 toe-

50 2413 71 24 Hand
133 2420 47 17 van
193 2412 80 25 zaken
282 2431 7 12 ,
307 2412 126 33 rwyfelcn.
463 2417 38 22 De
511 2417 142 32 wervingen
665 2417 45 25 der
720 2424 113 18 recruten
854 2417 100 25 worden
965 2417 27 25 ia

51 2447 61 25 deze
124 2448 104 24 Landen
239 2454 61 19 voor
312 2448 79 28 beyde
402 2448 31 24 de
443 2456 104 21 partyen
556 2452 115 25 tamelyk
681 2453 43 22 wel
735 2458 156 19 voortgezet.
944 2447 52 30 '

926 2486 2 2 DUYTSLAND
926 2486 2 2 en
926 2486 2 2 d'aengrenzende
926 2486 2 2 RYKEN.

84 2525 87 22 Weenen
182 2525 39 22 den
231 2532 15 20 9
257 2526 117 24 December.
402 2528 39 24 Dé
459 2526 156 32 Keyzerlyke
634 2531 172 28 Huys-Kroon
828 2526 96 26 fchoon
945 2532 28 26 ge-

53 2557 86 25 maekt
156 2557 81 32 zynde
247 2576 7 11 ,
272 2565 31 18 zo
315 2559 21 24 is
346 2559 32 25 de
390 2562 81 22 Baron
482 2562 81 24 Palati
574 2570 61 15 voor
652 2571 11 14 »
676 2563 79 33 dagen
767 2569 52 18 met
836 2562 103 24 dezelve
959 2568 31 17 en

53 2598 51 17 met
118 2593 90 32 eenige
220 2593 92 25 aadere
325 2601 53 25 verf
384 2594 103 25 ierfelen
501 2603 31 15 na
541 2596 135 25 Frankfutt
693 2598 161 24 veitrokken.

53 2627 31 22 de
96 2626 102 25 brieven
207 2634 47 17 van
265 2626 106 34 Infpruk
383 2646 7 11 ,
407 2636 46 15 was
463 2630 31 22 de
504 2630 70 25 Prins
583 2633 191 31 Kugenius.met
787 2639 60 18 eene
860 2630 132 33 r;ewigtige

53 2660 149 25 Commiflie
213 2668 46 17 van
270 2662 48 24 den
331 2663 94 31 Keyzer
436 2680 7 11 ,
462 2670 46 18 van
521 2665 59 25 daer
591 2672 25 18 te
627 2666 54 32 poft
693 2674 31 17 na
736 2667 50 24 den
796 2668 72 30 Haeg
880 2663 112 33 geieyfd;

53 2702 31 15 en
96 2695 54 25 hier
159 2695 20 24 is
189 2695 72 24 dezer
273 2695 81 33 dagen
365 2704 46 17 een
422 2696 109 32 exprefle
540 2707 46 15 van
596 2708 47 22 zyn
654 2699 131 34 Majefteyt
796 2708 45 17 aen
853 2701 30 21 de
894 2699 103 40 Reg*ee«._

53 2730 77 24 rende
141 2731 123 31 Keyzerin
274 2731 142 31 aengeiand
429 2740 7 18 ;
454 2733 41 22 die
507 2732 59 25 daer
575 2741 32 25 op
619 2743 32 17 na
660 2738 136 30 Ongaryen
808 2730 189 38 bevèkgezbh-■

53 2763 46 25 den
111 2764 87 28 heeft,
215 2772 44 17 om
269 2772 64 17 onze
345 2772 106 24 troupen
463 2767 26 22 in
500 2767 43 24 dat
554 2770 150 31 Koaingryk
713 2770 111 31 zodanig
843 2770 25 24 in
887 2769 59 25 ftaet
961 2773 34 19 re

53 2798 86 25 itellen
154 2816 6 11 ,
177 2805 44 18 ten
231 2799 81 31 eynde
326 2804 26 19 18
365 2799 137 26 bataillons
515 2809 31 17 en
567 2806 67 19 6000
653 2811 60 15 man
730 2811 26 15 te
776 2803 91 32 paeid,
887 2804 56 22 koit
960 2810 31 17 na

53 2832 48 25 den
113 2833 96 25 Winter
221 2841 47 20 v.an
280 2833 58 25 daer
358 2841 32 18 na
407 2833 48 25 den
484 2837 174 32 Boven-Rhyn
678 2837 33 25 of
724 2837 83 25 elders
826 2838 148 24 marcheren
985 2854 8 12 ,

53 2872 43 19 ém
106 2875 87 26 tegens
213 2868 131 31 Vrankryk
361 2875 24 17 te
404 2868 99 26 dienen.
533 2871 87 31 Zynde
639 2871 38 25 dit
686 2871 57 25 Hof
749 2870 185 34 gedifponeerd
947 2878 44 17 om

53 2903 22 24 al
86 2903 41 25 het
142 2911 63 25 geen
215 2904 26 22 in
252 2903 98 25 deflelfs
360 2911 136 25 vermogen
508 2904 20 24 is
537 2911 39 19 tot
587 2907 170 32 voortzetting
769 2914 48 17 van
829 2907 48 24 den
892 2907 98 31 Ooilog

53 2943 86 27 tegens
150 2937 133 32 Trankryk
293 2955 7 11 ,
319 2937 32 32 by
361 2944 24 18 te
400 2944 92 19 zetten.

228 2980 26 21 15
268 2975 119 22 Dectmbcr,
417 2976 38 20 De
467 2972 113 26 Zweedfe
599 2975 109 24 Kolonel
724 2974 128 25 Baflewitz
862 2992 6 11 ,
887 2975 41 24 die
946 2982 45 17 een

53 3007 59 26 keer
123 3015 32 18 na
167 3008 90 25 Staden
267 3007 67 26 heeft
345 3015 81 17 wezen
438 3008 66 25 doen
517 3026 7 11 ,
542 3008 69 26 heeft
621 3008 97 27 middel
730 3009 133 34 gevonden
876 3017 43 18 om
930 3017 61 17 voor

53 3044 90 32 eenige
154 3044 81 32 dagen
248 3043 124 26 wederom
389 3041 97 26 binnen
502 3041 107 27 Wifmar
626 3052 26 17 te
670 3045 111 27 komen;
802 3045 81 32 zynde
901 3045 27 24 in
945 3052 47 17 een

53 3077 87 32 bootje
151 3080 25 22 in
188 3079 40 25 het
242 3079 63 24 welk
313 3087 18 20 4
341 3084 129 19 matrozen
481 3086 80 18 waren
572 3097 7 9 ,
589 3087 46 17 aen
645 3079 110 25 dewelke
765 3080 31 30 hy
811 3087 30 22 14
849 3079 125 32 Ryksdael-

54 3113 57 24 ders
131 3119 126 27 gegeeven
278 3113 86 28 heeft,
380 3119 47 19 van
445 3113 85 25 Lubek
548 3113 138 26 derwaerds
707 3122 116 25 gevaren.
852 3117 40 21 Dé
907 3113 85 24 Poften

53 3155 64 17 voor
129 3149 40 24 die
181 3149 57 24 Stad
256 3156 80 15 waren
354 3156 31 15 zo
397 3149 44 22 wel
450 3146 90 30 bezet,
557 3149 80 24 dat'er
657 3148 156 32 ber.waerlyk
829 3156 47 17 een
895 3146 98 25 fecours

53 3188 48 18 van
111 3190 106 24 rrotipen
228 3190 43 22 uyt
282 3183 41 24 het
335 3183 78 24 Sticht
424 3185 120 21 Btcemen
561 3184 65 24 door
643 3184 65 24 zoud
719 3184 110 24 kunnen.
857 3184 37 22 De
906 3181 87 26 Poolfe

54 3217 99 25 Heeren
170 3217 43 25 die
230 3217 65 24 door
313 3224 46 18 een
378 3224 71 25 party
467 3224 48 18 van
531 3216 107 26 Wifmar
657 3219 132 32 opgeligt,
807 3224 31 18 en
848 3217 26 22 in
885 3217 41 22 die
937 3216 57 24 Stad

54 3250 105 32 gebragt
170 3259 48 24 zyn
230 3268 7 12 ,
255 3252 98 25 zouden
366 3252 52 25 niet
437 3259 67 18 meer
524 3253 37 22 als
578 3256 102 20 onttent
690 3260 69 21 4000
769 3250 187 32 Ryksdaelders
967 3250 25 25 in

54 3285 69 31 goud
142 3285 31 32 by
193 3287 41 32 zig
250 3286 97 24 hebben
359 3285 91 32 gehad.
478 3288 38 21 De
526 3285 96 26 Deenfe
633 3293 106 25 troupen
751 3293 63 15 voor
822 3282 107 26 Wifmar
940 3292 35 17 ma-

54 3318 50 24 ken
117 3327 51 24 nog
180 3328 63 24 geen
254 3321 87 21 toeliel
360 3328 43 14 om
422 3327 32 18 na
472 3320 59 24 haer
542 3321 96 31 Leeger
648 3328 60 15 voor
719 3318 145 25 Straelzond
875 3327 24 15 te
911 3326 61 25 gaen
986 3335 7 12 ,

56 3360 32 17 zo
99 3353 37 22 als
146 3354 40 22 het
198 3354 102 31 gerucht
312 3354 106 32 gelopen
430 3354 85 27 heeft;
534 3361 67 17 maet
613 3356 26 24 in
650 3354 131 32 tegendeel
791 3352 73 34 fprak
874 3361 19 17 ir
902 3361 31 17 >:n
945 3360 47 18 van

56 3387 91 31 eenige
157 3387 103 25 (lukken
273 3389 85 25 kanen
370 3396 31 18 en
410 3389 137 25 mortieren
560 3389 59 25 daer
628 3397 63 17 voor
704 3396 25 18 te
743 3389 119 32 btengen.
883 3391 60 21 Men
956 3387 38 25 wil

57 3428 34 20 nu
110 3422 44 24 dat
175 3422 41 24 het
234 3423 99 24 Zweeds
352 3422 139 33 Tianfpoit
508 3431 47 15 aen
574 3423 41 24 het
633 3423 98 32 Eyland
749 3426 89 28 Rugen
849 3423 128 32 gekomen
987 3441 7 11 ,

58 3463 69 15 maet
144 3456 100 25 beftaen
262 3457 66 24 zoud
346 3464 44 25 uyt
407 3468 17 19 4
442 3458 158 31 icgimenten
613 3475 7 11 ,
638 3458 59 33 yder
707 3465 48 17 van
769 3465 66 17 1200
847 3464 59 17 man
919 3467 7 19 ;
945 3458 51 32 dog

58 3490 80 24 dat'er
148 3498 46 17 een
203 3491 91 25 tweede
306 3490 97 26 fecours
413 3500 32 25 op
456 3500 51 25 weg
519 3500 53 17 was.
595 3495 48 22 Dat
654 3493 31 25 de
696 3491 98 26 Deenfe
804 3491 193 26 Commandant

57 3526 98 28 alhier,
174 3524 48 26 den
242 3534 26 17 n
291 3524 74 26 dezes
374 3527 79 24 ondes
464 3527 32 24 de
506 3527 143 25 Predikatie
660 3544 7 11 ,
684 3534 53 18 met
748 3527 92 32 geweld
853 3528 128 31 ons'Tuyg-

58 3560 63 30 huys
130 3560 150 33 opgeflagen
292 3578 7 12 ,
315 3568 31 17 en
357 3561 30 25 de
397 3561 124 28 voorraed
529 3562 41 24 die
581 3562 59 24 daer
652 3563 26 22 in
689 3563 21 22 is
719 3580 7 9 ,
744 3569 162 25 opgenomen
918 3563 77 31 hee(r,

57 3594 76 24 baerd
145 3595 53 24 hier
215 3602 57 17 zeer
291 3602 74 25 groot
384 3596 150 31 misnoegen
543 3604 8 19 ;
567 3595 52 32 dog
632 3604 57 18 men
703 3595 83 26 vreefd
796 3596 43 25 dat
850 3596 30 24 de
893 3599 102 25 Deenen

53 3634 71 18 meer
133 3630 138 32 krygsvoik
281 3630 52 25 hier
345 3630 94 25 binnen
452 3632 83 22 zullen
548 3632 97 22 zenden
657 3648 6 11 ,
681 3639 31 15 en
732 3632 46 22 her
793 3630 86 25 kah'on
899 3633 80 31 wegha-

57 3663 41 24 len
111 3680 6 11 ,
137 3672 43 15 om
191 3666 43 21 het
243 3666 71 22 zelve
325 3671 89 26 tegens
423 3664 30 25 de
463 3665 56 24 Stad
528 3664 109 25 Wifmar
645 3673 26 15 te
680 3665 154 32 gebruyken.

91 3699 118 28 Frankfurt
219 3700 37 21 den
269 3706 26 20 17
308 3700 119 24 December.
448 3699 111 24 Gifteren
572 3700 76 31 kreeg
663 3706 57 18 men
731 3700 53 24 hier
795 3706 52 17 met
856 3698 126 26 ee'ncti'E-

54 3732 96 32 jrxflcn
164 3742 50 18 van
223 3732 197 32 AfchaiTchburg
430 3733 90 31 tyding
534 3752 8 11 ,
559 3735 41 25 dat
613 3736 30 22 de
653 3738 93 26 Keyici
758 3736 135 24 voaileede
906 3741 72 19 maen-

1004 541 9 51 !
1023 542 204 41 dag-namiddag
1237 556 43 19 ten
1287 556 18 25 4
1315 556 60 20 uren
1388 552 85 27 aldaer
1487 549 177 38 aengekomen
1675 563 61 21 was,
1757 563 31 19 en
1808 566 47 25 zyn
1867 548 103 44 vcrblyf'

1025 585 50 24 had
1088 593 128 25 genomen
1230 587 25 22 in
1267 587 41 24 het
1320 583 191 32 KcuryorfleJ'k
1522 588 113 30 Kafteel,
1654 598 63 17 voor
1736 593 41 24 her
1795 583 61 33 welk
1871 602 12 15 t
1894 602 54 18 com-

1004 620 14 37 ■,
1025 621 111 31 pagnien
1155 620 27 25 in
1200 620 32 24 de
1251 628 117 25 wapenen
1389 621 113 25 ftonden.
1532 624 100 24 Vooraf
1648 633 109 24 quamen
1769 632 13 18 t
1794 628 136 25 Poftillons
1941 638 25 17 te

1024 653 96 32 paerd;
1137 654 60 25 daer
1207 661 33 18 na
1251 661 46 18 een
1305 658 78 21 Keets
1394 664 53 18 met
1457 657 15 24 4
1482 658 110 31 paerden
1603 676 8 11 ,
1629 666 61 18 waer
1700 661 26 22 in
1735 663 90 32 eenige
1837 665 128 25 Minifters

1024 692 91 25 iaten;
1134 697 60 17 toen
1207 690 109 33 volgden
1337 698 52 25 nog
1409 697 11 17 8
1441 692 151 28 Poftillons,
1609 693 110 32 rydende
1735 704 64 17 voor
1820 697 31 25 de
1869 698 97 26 Chaize

1025 730 47 17 van
1083 731 48 25 zyn
1142 724 156 32 Keyzerlyke
1307 725 148 32 Majefteyt,
1473 726 41 25 die
1525 736 13 15 z
1551 730 96 21 Heeren
1665 729 32 31 by
1709 731 44 31 zig
1762 731 58 25 had.
1841 736 38 20 De
1890 737 61 20 Keür-

1024 757 64 26 vorft
1100 764 48 19 van
1159 761 87 22 Ment»
1256 759 99 24 bevond
1364 761 43 32 zig
1417 761 80 25 onder
1508 764 45 21 aén
1566 763 31 22 de
1606 769 58 26 trap
1680 770 48 19 van
1740 764 150 27 het.Kafteel
1903 785 7 11 ,
1929 769 25 24 al-

1025 797 61 19 waer
1096 793 33 31 hy
1140 793 48 24 den
1199 796 94 28 Keyzer
1304 794 100 33 onrfing
1415 813 6 9 ,
1441 803 30 17 en
1491 796 26 24 in
1537 796 43 24 het
1587 797 103 25 Vertrek
1703 797 41 25 het
1762 801 63 24 welk
1833 809 64 18 voor
1906 803 59 25 hem

1025 828 90 31 gereed
1129 828 117 32 gemaekt
1259 835 47 18 was
1318 847 7 11 ,
1341 829 132 32 geleydde.
1501 834 38 21 De
1551 831 130 24 Keürvorft
1693 841 46 15 van
1750 835 73 24 Trier
1835 828 12 35 ,
1859 837 43 24 die
1920 847 45 15 een

1024 861 59 27 keer
1095 869 33 17 na
1139 861 197 35 AfchafTenburg
1352 863 70 25 heeft
1441 872 79 17 wezen
1538 865 67 26 doen
1616 882 8 12 ,
1643 867 20 24 is
1674 866 61 25 deze
1744 870 135 25 voorleede
1890 874 77 22 nacht

1026 895 53 25 hier
1090 902 26 18 te
1128 905 43 24 rug
1181 896 137 32 gekomen.
1342 899 71 24 Alles
1422 900 20 21 is
1452 905 38 18 tot
1502 900 31 22 de
1545 901 99 24 intocht
1655 908 46 18 van
1713 902 47 25 den
1772 906 94 30 Keyzer
1885 906 81 25 alhier

1024 937 87 26 tegens
1121 939 107 26 morgen
1240 948 6 11 ,
1266 931 89 34 gereed
1368 933 99 32 geweeft
1481 941 6 19 ;
1507 933 52 33 dog
1570 935 41 24 die
1628 937 39 22 zal
1677 938 53 22 niet
1743 945 61 18 voor
1817 940 150 26 aehftaende

1025 965 123 33 zatutdag
1168 965 159 33 gefchieden.
1357 966 198 26 •ndeituffchen
1567 969 69 25 heeft
1646 978 59 17 men
1717 971 80 26 heden
1809 969 47 30 vin
1870 983 98 24 wegen»

1025 998 32 26 de
1075 999 145 32 Magiftraet
1238 1000 73 25 deier
1330 1002 76 28 Stad,
1422 1000 33 25 de
1473 1005 243 32 Burger-Kapiteyns
1734 1009 144 31 aefigezegd
1897 1026 7 11 ,
1923 1010 44 26 dat

1025 1042 30 22 zy
1077 1036 84 22 hunne
1173 1037 180 32 Compagnien
1372 1043 89 26 tegens
1481 1044 106 26 morgen
1607 1046 102 18 moeten
1730 1043 90 31 géreéd
1845 1043 100 26 houden
1959 1063 11 12 ,

1025 1077 44 15 om
1087 1077 33 24 op
1140 1070 41 24 het
1200 1070 77 25 eerfte
1296 1070 71 25 bevel
1387 1071 25 25 in
1422 1071 31 24 de
1465 1080 117 24 wapenen
1592 1080 25 17 te
1628 1074 102 26 kunnen
1742 1076 162 33 verfchynen.
1924 1082 39 21 De

1025 1104 117 32 Kroning
1150 1103 66 32 blyft
1225 1111 89 25 tegens
1324 1104 48 25 den
1383 1114 28 19 zj
1427 1104 154 33 vaftgïfteld.
1609 1109 107 33 Morgen
1729 1111 98 24 worden
1838 1110 28 25 de
1878 1113 70 26 Gede-

1023 1139 137 31 puteerden
1170 1144 47 19 van
1228 1140 31 24 de
1267 1140 58 24 Stad
1336 1139 172 34 Neurenburg,
1520 1144 52 20 met
1583 1142 31 22 de
1624 1143 167 26 Vercierfel'en
1802 1146 41 24 die
1854 1147 59 24 daet
1924 1147 30 25 be-

1024 1173 79 24 wacrd
1113 1174 116 27 worden,
1239 1174 53 24 hier
1304 1181 123 26 verwagt;
1443 1181 90 26 tegens
1541 1175 77 25 welke
1626 1178 44 31 tyd
1683 1179 30 24 de
1722 1181 86 24 Baron-
1822 1181 79 24 Palati
1915 1186 52 21 met

1025 1207 32 24 de
1076 1209 170 30 Huys-Kroon
1265 1215 46 18 van
1320 1212 110 21 Weenen
1442 1209 52 24 ook
1502 1217 25 17 te
1537 1218 104 25 gemoet
1654 1214 65 22 word
1733 1215 96 30 gezien.
1850 1218 38 21 De
1898 1218 50 22 Her-

1024 1247 45 27 tog
1089 1250 47 17 van
1156 1243 164 32 Wurtenberg
1339 1243 93 26 bevind
1450 1245 44 31 zig
1514 1253 52 22 nog
1581 1251 28 18 te
1630 1246 131 26 Darmftad
1774 1267 6 8 ,
1800 1257 67 17 maer
1880 1250 31 31 hy
1924 1252 41 26 zal

1024 1284 107 27 morgen
1152 1276 97 26 neffens
1267 1277 50 25 den
1333 1278 148 32 Landgratf
1498 1286 48 17 van
1558 1278 237 30 Heffen-Darmftad
1809 1284 53 25 hier
1872 1291 93 19 wezen.

1024 1311 39 24 De
1083 1315 98 30 Hertog
1199 1318 47 19 van
1266 1313 181 24 Saxen-Gotha
1459 1315 65 22 word
1535 1315 50 22 alle
1596 1316 172 31 ogenblikken
1781 1317 52 26 ook
1843 1325 126 26 verwagt,

1024 1346 37 24 als
1077 1345 76 25 mede
1172 1346 31 24 de
1222 1350 97 28 Hcitog
1331 1355 46 15 van
1390 1350 78 21 Saxen
1476 1348 156 32 -Morfeburg
1645 1345 12 34 ,
1670 1348 96 28 neffens
1775 1352 48 25 den
1835 1355 70 22 Prins
1916 1363 50 14 van

1024 1380 204 26 Naflau-ldftein.
1254 1383 38 22 Be
1311 1381 81 25 Graef
1409 1383 222 24 van'Sinzcndorf
1638 1383 43 26 die
1690 1387 109 32 onlangs
1808 1390 97 31 wegens
1917 1389 48 25 den

1024 1417 97 30 Keyzer
1141 1416 26 24 in
1178 1416 48 24 den
1235 1416 71 32 Haég
1318 1416 152 32 gerendeerd
1483 1416 67 25 hééft
1561 1435 7 9 ,
1587 1419 39 24 zal
1639 1428 47 24 zyn
1700 1422 111 24 auartier
1821 1430 106 18 neemen
1939 1426 26 22 in

1024 1449 44 25 het
1087 1452 142 31 Logement
1247 1457 48 17 van
1307 1450 48 24 den
1365 1449 158 26 Hs-llandfca
1534 1452 119 25 Refident
1664 1454 51 25 den
1727 1454 65 26 Heer
1801 1460 84 30 Spina.
1905 1461 61 20 Men

1024 1485 150 24 vetzeekerd
1183 1492 67 18 meer
1261 1493 31 17 en
1304 1493 69 18 meer
1383 1486 44 24 dat
1435 1486 32 24 de
1479 1488 94 30 Keyzer
1585 1494 32 18 na
1626 1487 31 25 de
1670 1491 116 32 Kroning
1796 1500 51 24 nog
1858 1493 109 31 eenigen

1024 1520 44 31 tyd
1089 1519 26 25 in
1135 1520 61 24 deze
1206 1520 58 24 Stad
1272 1520 92 32 blyven
1375 1520 39 24 zal
1428 1538 6 11 ,
1452 1527 32 17 en
1494 1521 48 24 den
1554 1521 97 32 uytflag
1662 1531 47 17 van
1720 1524 31 24 de
1762 1526 142 25 commiflie
1916 1532 52 20 met

1023 1553 110 25 dewelke
1152 1553 31 25 de
1196 1553 77 26 .Prins
1292 1554 126 32 Eugenius
1429 1560 48 19 7an
1489 1554 113 33 Savoyen
1613 1564 45 17 aen
1670 1557 32 24 de
1713 1557 98 28 Heeren
1822 1565 84 20 S_ten
1918 1564 33 21 Ge-

1023 1589 85 22 nerael
1127 1589 44 24 der
1187 1589 156 33 Vereenigde
1361 1589 180 25 Nederlanden
1552 1607 6 11 ,
1576 1598 32 15 en
1629 1598 45 17 aen
1695 1592 30 25 de
1737 1596 167 32 Koninginne
1913 1604 51 17 van

1025 1624 254 22 Groot-Biittannien
1297 1624 132 32 gezonden
1441 1624 20 24 is
1473 1641 7 12 ,
1500 1624 139 33 afwagten,
1657 1633 46 18 om
1723 1631 150 31 vervolgens
1893 1637 66 26 zyne

1023 1656 109 26 raefures
1148 1657 60 25 daer
1219 1664 32 17 na
1263 1664 22 18 te
1298 1664 115 19 neemen.

1057 1695 26 21 In
1093 1695 32 21 het
1135 1690 118 32 Htlfieynfe
1260 1694 38 21 den
1311 1695 27 21 i«
1350 1694 118 22 December.
1487 1695 56 24 Met
1553 1694 32 25 de
1597 1696 97 25 Deenfe
1708 1696 102 26 brieven
1824 1694 69 30 heeft
1899 1707 61 17 men

1028 1727 9 27 i
1050 1727 86 24 Poften
1148 1731 25 17 te
1183 1726 76 32 gelyk
1276 1730 44 28 Uyt
1337 1729 174 31 Noorweegen
1521 1728 143 33 ontfangen
1676 1748 7 12 ,
1701 1739 32 17 en
1742 1733 61 22 daer
1817 1734 72 25 mede
1902 1742 47 17 con-

1024 1761 112 26 firmatie
1155 1761 124 22 bekomei
1291 1778 7 12 ,
1316 1761 44 24 dat
1377 1761 31 24 de
1426 1765 81 22 Baron
1519 1770 47 17 van
1578 1766 175 24 Leeuwendael
1765 1767 144 31 gedurende
1919 1769 51 24 den

1028 1795 120 32 gehcelen
1160 1795 86 22 winter
1266 1795 25 22 in
1309 1794 43 25 dat
1371 1794 150 34 Keningryk
1540 1796 91 31 blyven
1651 1800 66 22 zoud
1729 1817 6 11 ,
1752 1807 43 17 om
1807 1801 31 25 de
1850 1804 120 24 Zweeden

1026 1830 43 24 die
1078 1830 59 24 daer
1148 1835 47 24 zyn
1207 1834 26 18 te
1243 1827 109 26 beletten
1364 1828 43 25 dat
1424 1837 31 24 zy
1465 1832 90 32 eenige
1566 1839 105 24 tiocpen
1683 1840 31 19 na
1726 1837 122 22 Pomeien
1860 1838 107 25 zenden.

1028 1866 37 21 Te
1074 1864 172 32 Koppenhage
1258 1863 48 24 had
1322 1871 61 18 men
1396 1865 116 27 naricht,
1533 1865 44 25 dat
1592 1874 26 19 13
1632 1869 115 24 Zweedfe
1763 1872 104 30 oeilog-
1885 1879 31 17 en
1939 1879 31 15 <•

1026 1896 262 34 tranfport-fcheepen
1300 1898 26 24 in
1338 1902 52 21 Zee
1406 1899 98 25 zouden
1522 1907 48 24 zyn
1581 1910 7 19 3
1606 1909 31 17 en
1649 1892 51 34 'dat
1717 1903 32 26 de
1767 1904 131 26 Admirael
1909 1906 46 25 Gul-

1029 1932 125 25 denleeuw
1166 1931 63 26 door
1239 1933 143 33 tegenwind
1393 1941 52 26 nog
1456 1935 72 25 wierd
1540 1937 177 31 opgehouden.

1063 1970 110 30 Hamburg
1181 1970 39 20 den
1232 1972 27 18 11
1271 1970 118 21 December.
1421 1968 111 34 Volgens
1540 1970 32 25 de
1581 1971 102 25 brieven
1694 1980 41 24 uyt
1747 1974 40 24 bet
1800 1975 93 31 Leeger
1904 1982 63 18 voet

1029 2003 148 25 Straelzond
1187 2010 47 15 van
1246 2003 48 24 den
1310 2011 27 15 12
1349 2003 73 24 dézes
1433 2021 6 11 ,
1459 2004 48 24 had
1520 2013 59 17 men
1598 2006 48 25 den
1661 2016 28 14 i»
1700 2008 32 24 de
1752 2009 74 22 Linie
1846 2016 46 15 van
1912 2009 44 22 Cir-

1004 2029 13 40 |
1030 2037 162 24 cumvallatie
1202 2036 77 24 nader
1290 2043 47 17 aen
1348 2037 30 22 de
1389 2037 56 22 Stad
1455 2036 137 33 begonnen
1602 2047 25 17 te
1646 2041 125 27 nekken,
1789 2042 111 25 dewelke
1919 2041 39 26 tuf-

1004 2068 13 43 j
1029 2069 74 25 fchen
1115 2070 47 24 den
1175 2078 26 15 11
1214 2074 32 20 eh
1260 2078 28 15 12
1300 2068 20 25 's
1331 2076 72 25 nagrs
1415 2076 174 28 geneegzaém
1606 2074 106 32 voltoyd
1731 2081 63 22 was,
1814 2076 96 25 zonder
1926 2076 44 25 dat

1031 2113 58 17 men
1101 2104 58 25 daer
1169 2102 31 32 by
1212 2107 67 20 méér
1290 2105 35 22 als
1339 2111 13 17 1
1364 2104 135 33 arbeyders
1509 2107 113 26 verloren
1635 2108 58 25 had.
1713 2112 37 21 De
1760 2112 132 31 Batteryen
1903 2112 57 24 wier-

1029 2140 48 24 den
1089 2140 52 24 ook
1150 2146 31 17 zo
1192 2139 56 31 digt
1263 2138 79 25 onder
1350 2139 32 24 de
1390 2140 103 32 Veiling
1502 2148 168 26 opgeworpen
1683 2144 37 24 als
1730 2144 41 24 het
1783 2146 120 31 mogilyk
1913 2153 57 20 was,

1029 2181 31 17 en
1070 2183 59 15 men
1141 2174 94 31 hoopte
1247 2174 61 24 alles
1319 2173 25 25 in
1357 2172 59 26 ftaet
1427 2180 24 18 te
1473 2176 97 24 hebben
1590 2185 44 17 om
1654 2177 94 26 binnen
1773 2185 28 18 i»
1820 2179 81 33 dagen
1922 2187 48 18 een

1030 2216 113 25 aenvang
1153 2216 25 17 te
1187 2207 92 25 maken
1290 2216 52 17 met
1352 2209 41 24 het
1403 2207 144 27 befchieten
1559 2211 45 25 dér
1613 2212 120 27 Werken*
1746 2212 93 25 hoewel
1850 2222 58 17 men
1918 2219 52 28 nog

1007 2236 6 32 (
1028 2250 71 19 maer
1110 2244 111 32 weynige
1233 2243 103 24 ftnkken
1346 2251 32 15 en
1389 2244 139 25 mortieren
1541 2245 57 25 had.
1626 2249 38 21 De
1676 2246 109 32 paerden
1798 2249 89 24 leeden
1896 2250 74 30 veel,

1004 2278 13 38 ■
1029 2285 45 18 om
1083 2278 44 25 dat
1136 2285 30 25 zy
1176 2278 32 25 de
1219 2284 110 26 votuage
1337 2284 57 18 zeer
1403 2284 40 18 ver
1455 2280 111 24 moeiten
1577 2281 83 24 halen.
1689 2283 59 22 Men
1761 2282 72 25 heeft
1840 2290 52 26 nog
1903 2290 65 25 geen

1029 2314 105 24 zeekere
1144 2314 91 31 tyding
1246 2321 47 17 van
1305 2311 31 24 de
1346 2313 133 25 aenkomft
1491 2322 50 17 van
1551 2316 41 22 het
1605 2315 115 25 Zweedfe
1729 2316 126 33 tranfport
1866 2324 45 18 aen
1925 2317 47 25 het

1005 2339 6 43 j
1029 2348 98 32 Eyland
1137 2350 105 31 Rugea,
1263 2355 31 17 en
1304 2348 90 32 eenige
1404 2348 115 25 Zweedfe
1531 2348 113 33 advyzen
1654 2357 96 27 zeggen
1768 2360 32 17 nu
1811 2352 80 25 dat'et
1900 2355 70 21 maet

1030 2387 66 19 «»co
1107 2391 60 17 man
1178 2383 98 24 zouden
1286 2382 158 32 gearriveerd
1456 2392 47 22 zyn
1517 2383 80 25 onder
1610 2386 40 24 het
1663 2387 105 31 gelevde
1780 2394 47 18 van
1841 2394 12 15 »
1866 2388 90 30 «orlog-

1026 2414 135 35 feheepen,
1168 2418 41 24 die
1220 2418 148 31 veryolgens
1377 2425 32 15 na
1419 2419 171 25 Karelskreon
1599 2427 80 18 waren
1690 2420 118 33 gekeerd.
1822 2424 37 22 De
1870 2420 84 26 Zweed-

1029 2451 24 24 fe
1064 2459 144 26 gevangens
1220 2459 60 17 voor
1290 2452 109 25 Wismar
1411 2470 7 9 ,
1435 2460 47 24 zyn
1493 2453 71 24 reeds
1576 2454 26 24 in
1613 2454 43 25 hét
1674 2453 148 34 Siegburgfe
1841 2454 115 32 aengeko-

1028 2493 58 19 men
1096 2505 7 8 ,
1122 2494 30 24 zy
1163 2487 99 22 worden
1272 2485 65 25 door
1346 2485 50 25 den
1407 2487 119 24 Overften
1535 2490 76 30 Lepel
1624 2489 171 31 geé'fcorteetd
1808 2506 6 9 ,
1833 2490 52 31 dog
1897 2490 71 24 veele

1028 2529 50 15 van
1087 2520 103 25 dezelve
1199 2520 99 24 hadden
1310 2520 79 24 onder
1397 2522 32 22 de
1440 2524 104 21 Deenen
1554 2523 79 25 dienft
1644 2531 137 25 genomen.
1809 2524 91 25 Zedeft
1911 2531 39 24 my-

1028 2564 50 15 nen
1088 2556 104 25 laetften
1204 2557 20 21 is
1234 2564 47 15 een
1292 2555 116 32 Exprefle
1417 2564 48 15 van
1474 2558 176 31 Koppenhage
1661 2557 126 25 komende
1799 2574 6 12 ,
1822 2557 67 25 door
1907 2557 63 26 deze

1029 2590 58 25 Stad
1100 2597 32 17 na
1142 2590 43 24 het
1195 2591 94 31 Leegei
1300 2597 60 17 voor
1376 2590 146 25 Straelzond
1533 2591 144 32 gepaneerd
1689 2590 13 34 ,
1714 2597 51 19 mer
1780 2591 91 32 tyding
1880 2591 44 27 dat
1937 2600 33 25 op

1029 2626 141 31 hetgerugt
1181 2624 77 24 alsof
1265 2624 41 24 het
1317 2623 113 25 Zweedfe
1442 2622 125 37 tranfport
1579 2627 43 32 zig
1633 2627 26 22 in
1671 2629 51 21 Zee
1731 2624 102 25 bevond
1844 2643 6 11 ,
1867 2627 31 22 de
1907 2635 46 15 ove-

1028 2660 54 32 rige
1091 2657 125 33 fcheepen
1226 2667 46 15 van
1286 2659 32 24 de
1328 2659 99 25 Deenfe
1444 2660 77 24 Vloot
1540 2661 79 24 ondet
1639 2660 50 25 den
1707 2660 132 25 Admirael
1857 2657 98 28 Gulden-

1028 2694 76 25 leeuw
1113 2694 48 24 den
1174 2701 28 17 12
1217 2694 154 32 uytgelopen
1382 2701 79 15 waien
1473 2711 6 11 ,
1499 2701 43 17 om
1553 2694 103 25 dezelve
1665 2702 32 24 op
1716 2701 26 17 re
1761 2694 98 25 zoeken
1872 2694 12 32 :
1897 2701 72 19 maer

1004 2727 5 32 ■
1012 2730 109 24 triadien
1130 2730 31 24 de
1172 2728 64 25 wind
1253 2727 84 25 zedert
1355 2727 138 25 vetaaderd
1514 2728 20 24 is
1545 2737 8 18 3
1570 2727 100 32 twyfeld
1690 2737 58 17 men
1766 2727 31 26 of
1812 2737 30 22 zy
1865 2728 105 27 hunnen

1028 2767 73 21 Cours
1119 2764 43 22 wel
1181 2764 84 24 zullen
1284 2761 98 25 hebben
1398 2761 103 24 kunnen
1520 2769 167 18 voortzetten.
1714 2766 38 20 De
1772 2763 120 25 Zweeden
1909 2765 47 22 heb

1004 2794 12 34 '
1026 2798 48 24 ben
1085 2798 43 24 die
1139 2805 45 17 van
1196 2798 63 24 deze
1267 2798 58 24 Stad
1336 2798 66 22 doen
1414 2794 191 26 waetfehouwen
1619 2815 6 11 ,
1643 2798 43 22 dat
1696 2805 28 24 zy
1737 2798 32 21 de
1780 2805 78 24 geene
1870 2798 41 25 die
1929 2799 26 24 le-

1026 2832 203 25 vens-middelen
1251 2831 193 25 vanhicinade
1460 2832 106 31 Leegers
1585 2838 61 18 voor
1667 2831 148 25 Straelzond
1831 2831 111 34 brengen
1957 2851 7 11 ,

1024 2868 39 24 als
1081 2868 115 31 vyanden
1213 2868 84 22 zullen
1306 2865 125 25 handelen
1442 2882 6 11 ,
1465 2871 115 19 wanneer
1587 2874 31 25 zy
1636 2865 104 25 dezelve
1753 2864 146 27 aentrefféo.
1929 2870 38 22 Te

1029 2903 171 31 Koppenhage
1209 2909 79 15 waren
1298 2908 47 17 van
1357 2901 47 22 den
1416 2909 17 20 4
1442 2906 40 17 tot
1492 2900 48 24 den
1559 2909 28 15 rz
1609 2900 139 25 Decembet
1765 2909 27 19 53
1818 2909 58 22 paer
1894 2909 57 17 men-

1028 2936 77 25 fchen
1124 2935 145 33 getrouwd,
1289 2943 31 17 en
1341 2944 27 18 35
1390 2942 31 15 zo
1442 2941 128 21 mannen,
1589 2942 132 20 vrouwen,
1741 2935 37 24 als
1787 2935 123 26 kinderen
1923 2943 31 25 ge-

1028 2973 99 24 ftorven
1139 2988 8 12 ,
1162 2970 151 33 namentlyk
1332 2979 34 15 10
1382 2975 47 19 aen
1448 2968 131 26 ordinaire
1591 2987 6 12 ,
1615 2978 30 17 en
1669 2978 8 17 1
1688 2978 9 20 j
1719 2976 47 18 aen
1783 2969 183 34 bcfmettciyke

1028 3007 92 25 ziekte.

1059 3045 83 22 Keulen
1149 3044 38 22 den
1200 3043 27 22 18
1240 3040 117 24 December.
1384 3038 156 32 Eergifteren
1559 3039 158 25 arriveerden
1740 3039 54 25 hier
1815 3037 154 34 veifcheyde

1028 3085 139 17 veorname
1179 3079 97 21 Heeren
1286 3081 50 17 van
1345 3072 90 25 Bruft'el
1447 3080 31 17 en
1487 3079 44 25 uyr
1540 3072 93 26 andere
1644 3073 104 25 Steeden
1767 3079 47 19 van
1832 3073 116 25 Braband
1958 3092 8 12 ,

1028 3111 110 26 dewelke
1148 3111 85 22 verder
1244 3117 31 17 na
1285 3107 132 25 Ftankfurt
1437 3107 152 25 vertiokken
1610 3117 66 22 zyn,
1694 3117 44 14 om
1761 3107 50 24 den
1828 3111 96 30 Keyzer
1943 3116 27 18 te

1028 3146 231 31 complimentéren
1270 3161 7 11 ,
1293 3151 31 15 en
1335 3151 43 14 om
1388 3150 32 15 zo
1429 3149 58 17 men
1499 3150 57 25 zegt
1567 3151 61 15 eene
1638 3142 149 26 Commifïïe
1799 3151 97 26 wegens
1906 3144 60 26 hare

1030 3181 126 24 Provintie
1168 3178 31 32 by
1212 3187 47 22 zyn
1272 3176 131 33 Majefteyt
1414 3176 30 25 af
1450 3183 24 18 te
1493 3177 99 32 leggen.
1619 3178 112 31 Volgens
1750 3177 31 24 de
1799 3177 102 26 brieven
1922 3187 50 17 vac

1030 3216 145 28 Dufléldorp
1191 3213 76 24 wietd
1274 3211 33 24 de
1318 3211 132 25 Keürvorft
1461 3217 46 18 van
1518 3213 32 24 de
1559 3214 69 24 Paltz
1637 3214 59 21 kort
1709 3219 32 17 na
1752 3211 31 24 de
1804 3215 117 27 Ktoning
1943 3215 26 22 in

1026 3250 43 24 die
1078 3249 57 25 Stad
1146 3255 25 15 te
1181 3255 43 24 tug
1235 3253 115 25 verwagt.
1377 3248 61 21 Men
1448 3252 57 25 zegt
1514 3247 44 24 dat
1567 3247 31 24 de
1610 3248 71 22 Prins
1690 3255 48 15 van
1755 3246 214 26 Paltz-Sultsbach

1028 3285 30 22 de
1070 3281 157 33 Keyzerlyke
1237 3281 142 32 Huldiging
1388 3287 97 25 wegens
1494 3280 61 25 deze
1565 3281 58 25 Stad
1631 3281 126 32 vetrigten
1768 3281 48 24 zal.
1846 3281 59 25 Ook
1918 3282 52 25 .wil

1028 3326 58 15 men
1096 3319 43 22 dat
1149 3315 32 24 de
1191 3314 376 32 Neder-RhynfeWeftphaelfe
1579 3319 85 28 Kreyts
1675 3322 89 25 tegens
1776 3314 31 25 de
1818 3315 136 25 toekomen-

1029 3353 30 24 de
1070 3351 92 25 maend
1173 3351 54 24 hiet
1245 3350 125 25 wedeiom
1389 3348 167 26 befchreeven
1573 3352 39 22 zal
1632 3350 110 24 worden.
1770 3351 96 22 Deezer
1885 3351 84 32 dagen

1029 3394 48 24 zyn
1097 3385 150 33 veifcheyde
1266 3385 135 25 Officieren
1422 3385 25 25 in
1467 3385 76 24 deeze
1563 3385 143 33 quartieren
1716 3384 143 32 aengeiand
1871 3392 43 18 om
1933 3392 26 18 re-

1029 3429 87 18 crutca
1142 3428 26 17 te
1194 3426 104 18 werven.
1333 3418 151 26 Gedurende
1502 3419 77 25 deeze
1599 3419 69 25 week
1683 3416 70 30 heeft
1772 3425 59 18 men
1852 3418 53 25 hier
1924 3426 33 17 on-

1028 3462 69 19 trent
1111 3455 150 32 verfcheyde
1279 3454 124 25 Franfche
1422 3461 105 25 partyen
1537 3461 139 18 vernomen
1687 3471 7 11 ,
1711 3451 163 30 dietuffchen
1894 3452 76 27 dcc?«

1030 3491 59 25 Stad
1108 3498 31 17 en
1153 3494 52 21 Bon
1224 3490 90 31 eenige
1333 3490 138 30 Reyzigeis
1485 3490 152 35 geplunderd
1650 3507 7 11 ,
1677 3496 31 17 en
1720 3487 94 32 qualyk
1827 3488 143 32 gehandeld

1004 3522 14 33 i
1031 3526 111 26 hebben}
1165 3527 52 21 niet
1233 3522 180 33 tegenftaende
1431 3530 30 22 zy
1474 3529 53 18 met
1538 3523 80 32 goede
1630 3522 151 32 Pafpoorten
1793 3522 122 25 voorzien
1924 3530 33 17 wa-

1030 3568 53 17 ren.
1108 3561 111 30 Volgens
1237 3557 32 24 de
1279 3556 113 32 advyzen
1403 3565 47 17 van
1461 3557 158 32 Luxemburg
1631 3575 6 12 ,
1657 3552 72 37 fprak
1740 3563 58 18 men
1808 3556 59 24 daer
1879 3563 47 18 van
1938 3557 32 24 de

1004 3581 14 41 !
1031 3594 148 26 aenftaende
1188 3593 94 22 Vreede
1293 3608 7 12 ,
1318 3593 38 21 als
1371 3599 50 17 van
1439 3595 46 20 eén
1505 3593 104 22 zeekere
1619 3592 63 27 zajek
1693 3601 7 19 j
1717 3591 51 32 dog
1780 3591 195 25 ondeituuchen

1004 3622 14 37 i
1031 3630 85 22 was'er
1127 3627 73 24 ordre
1211 3633 43 17 om
1266 3626 31 24 de
1309 3625 102 31 Beyerfe
1422 3633 31 17 en
1466 3625 90 26 Keulfe
1573 3627 159 32 regimenten
1743 3624 105 33 tydelyk
1858 3632 25 18 te
1892 3630 71 20 reCru-

1004 3654 14 38 i
1031 3671 87 19 teren,
1136 3670 32 15 en
1180 3659 60 26 zelfs
1259 3660 27 25 in
1305 3659 138 33 manfehap
1461 3666 26 19 te
1506 3661 198 24 vermeerderen.
1730 3663 51 22 Het
1800 3658 177 27 Keut-Trierfc

1004 3692 18 37 '1
1031 3697 180 25 derachemént
1230 3694 80 24 onder
1330 3694 48 24 dén
1390 3697 126 32 Kapiteyn
1533 3703 51 17 van
1594 3698 86 30 Narpe
1690 3712 9 12 ,
1717 3694 43 24 het
1770 3693 63 25 welk
1844 3694 48 24 den
1905 3696 72 22 Trin*

1004 3725 14 38 I
1031 3731 185 32 Eugéniusvan
1227 3732 115 30 Savoyen
1358 3731 132 32 langs'den
1501 3725 78 38 Rtiyn
1589 3737 38 20 tot
1638 3737 46 19 aen
1695 3730 190 33 Keyzciswaer'd
1894 3728 71 30 eTioi-
