1502 2348
46 100 31 28 Si
93 96 126 43 Majefté.
260 97 21 28 Il
308 106 17 28 y
352 106 14 18 a
391 96 66 30 auffi
476 96 118 30 d'autres
615 96 120 31 fommes

46 149 66 17 apar
126 146 83 18 cuant
226 146 34 17 au
278 137 168 28 Commerce
464 135 208 31 d'Andaloulie.

209 176 40 26 De
266 175 79 31 Paris
364 180 77 25 le
457 176 28 31 18.
485 176 76 31 Juillet.

83 214 48 27 On
150 223 33 18 ne
201 211 71 31 croit
289 224 47 30 pas
365 224 53 30 que
444 211 35 30 les
497 215 125 28 ennemis
644 213 94 31 fartent

46 252 26 30 le
94 250 70 43 fiégc
182 252 33 31 de
233 254 165 30 Landrccis,
419 254 27 24 Se
464 262 100 20 encore
582 255 96 27 moins
697 263 28 19 ce-

47 292 39 28 lui
105 292 32 30 de
150 293 157 39 Maubeuge
320 313 6 12 ,
339 292 119 28 d'autant
485 304 54 27 que
555 302 59 19 tout
633 293 24 28 le
677 296 61 34 pais

47 341 25 19 a-
86 330 43 31 été
156 332 139 41 fourragé,
305 340 57 19 tant
378 339 47 28 par
443 330 70 30 leurs
530 341 132 28 rroupes,
685 343 53 27 que

46 381 50 28 par
113 372 38 28 les
170 371 112 33 nôtres,
305 374 27 22 Se
351 378 52 28 que
419 369 137 31 d'ailleurs
570 390 7 13 ,
600 372 24 27 le
644 371 76 28 Maré-

46 409 61 30 chal
124 410 34 28 de
177 411 99 28 Yillars
302 417 15 17 a
335 407 81 30 ordre
435 407 33 28 de
495 409 37 28 les
555 418 123 30 attaquer
704 419 33 18 en

46 459 45 19 cas
107 449 81 30 d'une
215 445 126 32 nouvelle
359 446 159 39 entrepiife.
559 449 48 27 On
624 458 15 18 a
656 459 18 18 v
690 446 47 33 des

46 488 141 28 nouvelles
207 484 129 31 certaines
354 485 47 30 des
413 484 135 31 vaiffeaux
568 497 52 28 que
631 487 26 27 la
665 496 54 19 tem-

46 527 63 39 pête
130 527 74 28 avoit
222 523 105 40 féparés
346 526 32 28 de
405 523 123 34 l'efcadre
547 524 34 30 de
599 528 58 25 Mr.
677 527 40 27 Du-

46 562 194 41 gaé-Trouin.
280 566 80 27 Deux
378 565 33 28 de
435 572 41 21 ces
494 562 135 31 vaiffeaux
644 585 8 12 ,
679 563 58 30 l'un

47 601 126 40 delqticls
197 601 38 31 eft
268 604 25 28 le
320 605 182 38 Magnanime
528 614 50 18 011
591 614 4 18 c
604 602 41 30 été
671 605 22 33 je
707 604 28 28 es

46 641 63 40 prè..
129 639 32 28 de
183 641 136 30 Plaifance
339 653 46 28 par
405 653 35 18 un
459 652 70 30 coup
555 643 32 27 de
607 653 78 21 vent,
709 647 27 24 Se

46 681 47 26 les:
111 687 86 21 autres
226 681 60 28 font
304 681 102 28 arrivés
431 680 14 28 à
465 684 37 25 St.
522 681 79 28 Malo
620 680 115 40 chargés

47 717 33 28 de
98 718 59 38 plus
184 720 33 28 de
244 722 59 27 vint
321 720 137 28 millions.
504 724 51 25 Par
581 720 37 28 les
645 720 90 30 lettres

46 756 34 30 de
100 758 138 30 Marfeille
255 759 39 28 du
311 772 34 24 9..
358 770 37 18 on
413 759 123 39 aprend,
554 771 53 27 que
624 759 22 27 le
665 759 57 28 vaif-

46 794 64 31 feau
137 798 158 40 l'lntrépide
321 803 25 24 Se
383 798 35 30 les
444 798 117 39 frégates
587 798 149 30 nommées

47 835 44 28 l'A
107 847 120 28 gonaute
246 842 26 25 Se
294 837 24 28 le
339 837 117 30 Prothéc
482 849 14 27 y
523 848 50 18 ont
598 837 98 30 amené
718 850 15 17 1

56 875 126 32 .aiileaux
213 880 76 25 aïant
322 878 123 38 pavillon
477 878 150 38 Impérial,
658 876 64 28 char-

46 914 47 38 gés
118 915 33 28 de
185 915 154 39 provifions
370 927 71 27 pour
467 915 148 30 Barcelone
633 926 6 17 :
666 919 71 26 L'un

46 952 67 30 étoit
138 954 34 28 de
198 965 37 24 70
260 953 89 38 pièce;
383 956 33 27 de
450 965 89 17 canon
566 958 24 27 6e
620 953 32 31 de
683 967 52 17 100

46 989 131 32 homme,
197 992 184 39 d'équipage;
411 994 92 33 l'autre
522 994 33 27 de
573 1005 34 25 40
633 1004 103 19 canons

47 1033 27 25 Se
102 1030 33 27 de
158 1041 52 25 150
236 1031 142 28 hommes.
426 1033 37 26 Ils
491 1043 111 18 avoient
628 1032 109 30 dabord

46 1069 59 41 pris
124 1068 22 28 le
163 1069 92 41 large,
286 1070 71 28 mais
376 1080 51 17 nos
444 1069 117 43 frégates
581 1072 103 38 légères
703 1072 34 28 de

45 1109 90 28 voiles
169 1109 149 39 joignirent
343 1107 107 31 bientôt
476 1110 24 27 le
528 1111 59 39 plus
615 1111 66 38 petit
710 1116 27 24 Se

46 1148 8 28 1
66 1144 156 32 enlevèrent
236 1168 7 12 ,
275 1152 26 25 Se
321 1148 78 39 après
424 1147 97 30 l'avoir
546 1149 126 28 amariné
698 1150 26 28 el-

46 1187 38 28 les
111 1185 80 31 firent
215 1187 72 30 voile
313 1198 58 19 vers
398 1188 178 38 l'lntrépide,
601 1189 48 39 qui
670 1199 67 19 atta-
762 1209 2 4 -

50 1235 81 30 quoit
148 1226 240 38 vigoureufcment
411 1228 25 27 le
463 1225 116 31 vaiffeau
604 1228 90 38 lequel
712 1228 26 27 fe

48 1264 111 32 rendir,
182 1266 22 26 le
222 1265 145 38 Capitaine
385 1270 26 25 Se
431 1266 26 27 la
475 1266 60 38 plus
553 1267 104 38 grande
677 1277 47 27 par-

46 1303 38 28 tie
100 1303 33 30 de
151 1302 157 41 l'équipage
326 1306 77 26 aïant
428 1303 43 30 été
496 1305 58 28 tués
574 1316 35 18 ou
627 1306 105 27 bielles.

46 1344 50 26 On
123 1343 65 27 écrit
211 1342 33 28 de
266 1341 117 40 Badojoz
409 1342 37 31 du
467 1354 45 26 14.
530 1344 65 34 Juin
609 1364 8 12 ,
639 1356 54 28 cjuc
713 1346 24 27 le

46 1381 131 39 Marquis
196 1380 33 30 de
248 1384 53 34 Bay
321 1385 77 25 aïant
416 1393 15 18 v
450 1383 58 27 avis
528 1393 53 30 que
607 1383 38 28 les
672 1387 52 26 Por-

46 1421 90 38 tugais
162 1420 110 30 avoient
295 1419 50 32 fait
374 1431 37 19 un
431 1420 90 39 grand
548 1431 77 18 amas
644 1422 32 27 de
694 1423 44 27 blé

47 1462 27 25 Se
92 1457 33 30 de
151 1457 89 30 farine
259 1459 67 27 dans
341 1455 48 31 'un
407 1459 115 26 château
539 1457 44 27 fur
600 1469 52 17 une
670 1459 51 30 hau-

46 1505 58 19 teur
117 1517 7 11 ,
145 1506 47 27 pas
210 1496 59 25 loin
288 1495 33 27 de
339 1496 111 35 Campo
470 1496 103 39 Mayor
585 1517 7 12 ,
605 1495 28 30 fît
651 1498 22 28 le
692 1509 45 19 i_.

48 1544 33 18 au
105 1532 53 28 foir
176 1543 38 18 un
241 1531 190 32 détachement
456 1533 33 31 de
509 1543 53 22 600
580 1538 157 40 grenadiers

47 1576 27 25 Se
96 1581 53 18 100
169 1571 120 41 dragons
312 1572 61 31 fous
392 1574 25 31 le
437 1577 247 31 commandement
702 1580 34 27 de

46 1613 60 27 Mr.
125 1610 32 28 de
176 1613 125 39 Qielus,
324 1615 48 38 qui
399 1615 112 30 marcha
537 1626 65 20 avec
626 1626 58 20 tant
703 1617 33 30 de

46 1650 149 38 diligence,
211 1654 69 39 qu'il
296 1654 90 27 arriva
405 1655 24 27 le
446 1655 157 30 lendemain
631 1669 14 17 z
671 1656 50 30 heu-

46 1698 43 19 res
106 1698 79 20 avant
203 1691 24 30 le
243 1693 60 32 jour
320 1693 98 28 devant
435 1704 28 18 ce
482 1693 113 32 château
607 1706 6 18 :
634 1696 24 28 Il
674 1697 50 27 l'at-

46 1737 85 28 taqua
148 1729 19 28 fi
185 1731 138 28 vivement
341 1735 81 35 qu'en
443 1734 92 28 moins
553 1734 33 28 de
606 1746 13 17 1
640 1734 96 31 heures

46 1766 26 31 là
91 1769 131 39 garnifon
239 1770 48 39 qui
314 1769 69 28 étoit
407 1770 33 30 de
465 1783 56 26 300
546 1773 131 31 hommes
697 1773 40 31 fut

47 1809 152 27 contrainte
226 1809 33 27 de
287 1807 25 30 (è
339 1809 97 30 rendre
455 1809 15 31 à
489 1809 159 33 diferetion.
689 1814 48 28 On
757 1832 6 11 ,

46 1847 52 27 mit
118 1847 103 30 enfuite
243 1848 25 28 le
286 1847 44 28 feu
347 1858 34 18 au
400 1848 112 32 château
524 1872 7 12 ,
561 1854 79 37 après
660 1853 78 28 avoir

48 1884 69 40 pillé
135 1898 28 17 ce
182 1890 86 37 qu'on
287 1898 15 28 y
321 1894 116 26 trouva,
468 1894 26 24 Se
522 1890 54 31 l'on
604 1890 25 31 fe
654 1893 84 27 retira

46 1933 35 20 en
107 1923 56 30 bon
187 1926 100 32 ordre,
322 1924 59 30 fan;
399 1926 57 28 être
474 1929 138 39 inquiétés
633 1941 48 28 par
699 1932 38 28 les

48 1964 164 37 Portugais,
241 1967 25 27 le
292 1965 129 38 Marquis
448 1965 33 28 de
509 1972 52 35 Bay
587 1972 77 26 aïant
687 1969 50 30 fait

46 2013 116 20 avancer
181 2014 73 19 1000
272 2003 130 31 hommes
422 2016 71 28 pour
517 2010 110 27 couvrir
646 2020 27 18 ce
690 2009 32 30 dé-

46 2043 177 28 tachement..
254 2044 46 27 On
320 2044 99 28 mande
437 2044 33 31 dé
490 2044 84 30 Rofes
593 2048 37 28 du
648 2063 25 14 _-.
685 2060 53 28 que

46 2082 97 39 depuis
163 2083 60 38 plus
237 2083 33 26 dé
292 2089 15 22 6
321 2082 132 31 femaines
474 2086 24 28 le
510 2087 103 27 Comte
622 2088 33 27 de
666 2092 58 25 Srar-

46 2122 130 39 remberg
194 2122 74 26 avoit
283 2120 50 30 fait
351 2121 143 33 affe-nbler
511 2124 44 31 fur
574 2125 22 28 le
614 2127 57 26 Ter
686 2138 33 18 en-

46 2161 80 27 viron
146 2169 74 21 fiooo
239 2159 142 35 hommes,
394 2161 58 30 fans
472 2165 37 28 les
530 2164 149 35 Miquolêrs
698 2171 25 24 Sc-

46 2196 39 32 ies
105 2200 177 32 Volontaires
306 2212 73 30 pour
400 2213 102 28 couper
528 2205 27 30 la.
578 2207 141 28 communi-

784 98 94 30 cation
895 98 34 31 de
947 100 138 32 Gironne.
1127 104 74 31 Mais
1220 115 53 32 que
1291 106 22 28 le
1324 105 98 30 Comte
1436 93 21 31 *

785 138 115 28 Fiennes
918 143 77 26 aïant
1015 152 63 28 reçu
1096 143 85 30 ordre
1200 145 33 28 de
1252 146 25 27 la
1294 148 77 27 Cour
1389 143 31 28 de
1434 136 24 28 k*

783 185 34 19 en
835 176 102 32 chaffer
948 200 7 13 ,
967 180 130 30 aflembla
1116 189 74 22 fiooo
1209 183 137 30 fantaffuis
1357 189 26 25 Se
1403 185 43 25 i°c
1448 180 9 19 °

784 214 142 37 chevaux,
948 223 27 25 fie
1002 219 115 30 marcha
1141 231 53 19 aux
1212 234 137 19 ennemis.
1391 221 20 30 Il
1433 217 24 26 ,eJ

785 254 117 41 chargea
920 256 19 28 fi
956 257 198 40 brufqiiemeut
1172 263 67 37 qu'il
1257 263 37 28 les
1312 265 52 26 mir
1388 254 67 35 en"!''

784 291 110 33 fordre:
925 298 50 27 Les
1003 298 150 40 Miquelêts
1181 304 22 25 &
1232 301 37 28 les
1298 304 129 26 Volon:-ai

783 333 106 37 prirent
911 335 109 28 auffirôt
1037 337 25 28 la
1078 335 67 31 fuite
1157 358 7 12 ,
1187 343 26 25 fie
1232 351 37 18 un
1285 340 137 41 régiment
1435 331 19 27 *

783 371 150 30 defertcurs
952 376 138 32 Walons,
1114 376 172 40 Efpagnols,
1307 384 26 24 Se
1357 376 97 41 Napc-!'

783 411 71 28 tains
868 431 6 13 ,
888 413 51 26 mit
959 413 37 27 les
1012 424 90 19 armes
1121 416 66 32 bas,
1200 420 25 25 Se
1237 418 138 28 demanda
1393 415 60 41 apP

783 449 60 28 ticr.
882 452 50 27 Les
957 462 87 19 autres
1071 454 47 39 qui
1146 455 100 28 tinrent
1271 455 86 31 ferme
1384 449 67 35 (nii^

783 485 57 30 fort
856 490 164 33 maltraités,
1033 490 43 30 fur
1095 502 60 19 tout
1165 494 24 28 le
1207 494 137 40 régiment
1356 497 32 27 de
1400 493 50 31 Tor'

782 526 77 30 becas
879 530 152 39 Elpagnol.
1059 533 76 26 Cette
1154 534 93 27 action
1271 534 37 30 où
1326 544 70 19 nous
1415 537 33 24 ni

781 575 69 19 vous
872 576 47 28 pas
939 580 18 17 v
983 580 56 26 joo
1059 569 131 31 hommes
1212 570 65 31 hors
1296 574 33 28 de
1345 572 103 31 comb*

782 615 32 17 en
835 617 78 18 coûte
933 608 60 38 plus
1012 608 32 27 de
1065 620 76 27 3000
1167 621 53 19 aux
1246 614 136 28 ennemis,
1420 606 28 30 f

781 643 142 40 préparoit
940 657 37 18 vii
997 648 102 28 convoi
1123 650 33 27 de
1174 659 76 20 toute
1267 650 71 32 forte
1356 653 33 28 de
1407 650 54 32 t»*',

781 681 103 31 nitions
904 694 69 27 pour
991 687 137 28 Gironne.
1159 691 56 26 Mr.
1235 690 137 31 Thebcuil
1393 690 57 30 Co?

782 722 86 43 feiljer
886 722 32 30 de
938 724 25 28 la
981 726 274 34 Grand-Chambre,
1277 733 26 24 Se
1325 732 57 27 Mr.
1402 718 59 53 D«j^

781 759 94 39 pefchc
896 765 122 27 Fermier
1036 765 112 40 général
1166 767 60 28 font
1246 778 98 19 morts.
1390 769 21 30 Il
1426 767 35 24 I*.

781 801 86 27 arrivé
887 811 35 18 ici
939 814 35 18 un
986 804 214 30 Gentilhomme
1208 807 33 28 de
1259 807 189 31 laCourd'A"'

781 839 112 39 gleterre
911 850 48 30 qui
977 842 39 28 eft
1033 843 51 28 allé
1114 854 109 20 trouver
1240 847 25 28 le
1285 847 53 28 Roi
1358 844 14 31 à
1396 846 50 37 Fo?
1459 842 2 25 '■

781 879 164 31 taineblcau.
996 883 22 27 Il
1042 881 39 32 eft
1106 894 69 20 venu
1201 885 64 30 auffi
1292 895 35 20 un
1359 873 102 58 ExprJ

781 917 33 28 d.i
842 921 103 26 Comte
963 920 33 28 de
1013 919 135 32 Scrafford
1174 934 65 18 avec
1259 925 46 30 des
1331 913 130 51 dépéc-bfl

781 966 69 28 pour
868 967 52 17 nos
940 959 152 31 Miniftres.

815 999 17 15 *
853 997 47 26 Oi
918 1000 73 24 vend
1005 1002 56 27 chés
1083 1002 67 32 Jean
1172 1003 112 28 Muzier
1302 1006 31 28 &
1355 989 106 54 Nyc-P

781 1045 32 17 au
834 1037 57 26 coin
908 1037 30 25 de
956 1039 25 26 la
1003 1050 45 17 rue
1065 1042 31 26 de
1115 1042 106 27 Nevns
1233 1065 6 7 ,
1265 1043 15 25 à
1302 1045 27 26 ta
1352 1029 100 57 dW^Ê

781 1076 33 24 du
833 1076 67 25 Pont
918 1076 80 39 neuf.
1017 1085 30 24 ©•
1063 1081 56 26 chés
1137 1081 91 28 Pierre
1248 1081 94 30 Ribou
1356 1101 7 13 ,
1376 1080 4 1 '
1390 1072 54 44 Qj?

781 1114 41 26 des
841 1114 148 33 Auguftins
1013 1117 15 26 à
1052 1117 109 38 l'lmage
1186 1121 28 25 de
1238 1124 32 22 St
1299 1123 74 26 Lonh

782 1150 157 30 Mémoires
956 1154 33 30 de
1009 1157 187 28 Montccuculi
1207 1159 65 26 Gén.

781 1196 21 20 t>
809 1199 76 28 oupes
909 1195 30 26 de
965 1195 163 34 /'Empereur
1140 1217 7 12 ,
1168 1207 30 17 ou
1220 1199 33 25 les
1278 1200 33 25 Pi
1320 1200 96 31 inerpes
1435 1185 11 18 *

781 1230 79 26 l'Art
875 1232 132 26 militaire
1024 1243 30 15 en
1067 1235 137 33 général,
1219 1235 103 35 d'vifis
1341 1248 30 13 en
1400 1246 8 21 ?

783 1277 60 18 vres
861 1270 118 25 traduits
1002 1271 30 24 de
1055 1272 119 24 l'ltalien
1192 1281 31 17 en
1239 1274 135 33 François
1385 1294 7 6 .
1415 1274 32 34 ?*_

784 1305 85 28 ***.
899 1307 32 30 &
946 1307 91 28 dédiés
1054 1333 12 2 _
1085 1309 30 27 S.
1135 1312 37 24 A.
1187 1310 20 27 S
1234 1312 78 35 Mgr.
1331 1313 22 26 le
1371 1297 76 43 Pi'p**

781 1345 30 27 de
827 1346 100 33 Conti,
944 1357 64 17 avec
1024 1349 43 26 des
1075 1349 105 32 figures
1195 1359 31 17 en
1244 1351 73 26 taille
1332 1354 86 25 douce.
1453 1342 6 35 J

919 1391 41 21 De
978 1391 118 22 Londres
1110 1391 25 25 le
1154 1391 50 28 19.
1204 1391 107 28 Juillet.

815 1428 143 22 L'Amiral
973 1428 90 22 Lcake
1083 1428 52 24 mit
1162 1428 15 25 à
1201 1428 27 25 la
1253 1428 74 28 voile
1351 1428 60 30 hier
1426 1428 26 27 *1

781 1460 87 27 matin
894 1469 64 20 avec
983 1459 50 31 fon
1057 1461 106 32 efeadre
1189 1474 71 30 pour
1281 1453 180 56 DunkcrcrjJ

782 1499 46 27 On
847 1498 84 32 affure
950 1512 52 30 que
1020 1502 130 39 plufieurs
1172 1504 162 39 Ingénieurs
1349 1502 112 43 AngW

781 1541 25 26 fie
828 1539 152 30 Proteftans
1000 1543 131 40 François
1157 1556 17 26 y
1202 1544 61 30 font
1289 1543 172 46 embarq-J

782 1579 72 28 Mrs.
874 1580 194 28 Albercrombi
1094 1586 27 25 Se
1148 1583 77 40 King
1248 1583 63 31 font
1421 1584 38 30 1?!

781 1618 209 30 Commiflâircs
999 1629 71 30 pour
1082 1620 116 39 prendre
1207 1633 37 19 un
1254 1623 53 30 état
1316 1624 46 28 des
1374 1613 87 44 mU_|

781 1656 71 30 tions
862 1669 53 28 que
926 1658 170 40 IcsFrançois
1107 1659 138 31 tailleront
1253 1662 67 30 dans
1331 1672 66 20 cette
1407 1651 52 54 fJ|J

781 1706 37 18 ce.
828 1697 141 28 Vendredi
978 1698 109 28 dernier
1098 1702 57 26 Mr.
1167 1703 45 32 St.
1212 1703 61 32 Jean
1284 1701 40 30 fut
1335 1701 60 30 créé
1404 1698 31 30 ¥ï

781 1734 32 30 de
830 1736 26 27 la
874 1739 34 26 G.
927 1740 132 37 Bretagne
1080 1737 61 30 fous
1161 1739 24 30 le
1202 1740 63 30 titte
1281 1740 33 31 de
1336 1729 118 41 Vicolfl

783 1774 203 38 Bullingbrook
1005 1781 26 25 Se
1050 1780 91 26 Baron
1160 1778 32 30 de
1220 1783 38 26 St.
1277 1782 66 33 Jean
1362 1781 33 28 de
1414 1788 24 34 g
1448 1767 11 56 j

781 1813 79 30 diard
869 1815 136 40 Tregofe,
1016 1826 34 19 au
1059 1817 102 28 Comté
1173 1817 33 30 de
1217 1819 97 30 Wilts.
1323 1822 38 26 Le
1371 1807 74 41 lefl<B

782 1854 76 27 main
885 1863 74 20 toute
987 1856 24 27 la
1037 1858 78 26 Cour
1143 1857 24 28 le
1192 1858 201 38 complimenta
1415 1848 15 51 'J

782 1900 66 20 cette
873 1894 125 27 nouvelle
1024 1894 128 39 dignité.,
1182 1899 51 26 Par
1260 1898 35 28 les
1323 1898 31 28 le:

781 1931 155 30 Newcaftle
952 1932 35 30 du
1009 1943 45 26 ij.
1071 1944 39 19 on
1128 1936 112 32 mande,
1253 1946 53 30 que
1324 1948 30 18 ce
1369 1929 78 51 m^J

782 1971 59 34 jour
867 1972 20 27 il
905 1972 73 27 avoit
998 1970 71 41 paffé
1087 1972 98 31 devant
1204 1985 28 20 ce
1257 1985 63 28 port
1339 1983 34 21 16
1393 1964 51 34 vil

782 2009 79 31 féaux
888 2021 99 19 venant
1013 2011 32 28 de
1064 2014 146 38 Virginie,
1233 2016 47 38 qui
1298 2024 51 20 ont
1365 2010 83 33 faifß

781 2057 61 21 tour
862 2050 33 30 de
914 2048 112 32 l'Ecoffe
1039 2072 7 12 ,
1070 2062 71 28 pour
1157 2063 33 18 ne
1209 2063 47 30 pas
1280 2044 168 50 s'expofe'S

781 2088 54 31 être
861 2091 56 39 pris
943 2089 67 30 dans
1032 2092 26 30 la
1085 2091 122 31 Manche
1232 2104 47 30 par
1306 2094 37 27 les
1363 2094 83 27 Ar«

781 2139 71 20 teurs
868 2131 130 38 François
1011 2140 6 18 :
1044 2131 38 27 Us
1098 2131 111 31 avoient
1226 2131 146 31 rencontré
1394 2135 46 26 *m

781 2169 84 30 lieues
881 2170 33 28 de
933 2180 65 18 cette
1016 2170 74 39 place
1102 2190 7 12 ,
1130 2181 78 19 notre
1228 2173 65 27 Ilote
1311 2173 48 39 qui
1378 2169 53 28 viß

781 2207 100 32 Ruffie.
920 2211 38 28 Le
970 2210 155 30 Parlement
1141 2211 98 31 s'étant
1256 2202 175 57 raffembléj
