1502 2348
46 63 124 34 .ourdhui
191 85 7 14 ,
235 67 22 28 le
275 65 130 30 Vicomte
425 63 206 41 Bullingbrook
650 73 15 20 a
690 64 40 31 été

43 104 130 31 '"troduit
190 106 65 28 dans
272 106 25 27 la
314 105 143 30 Chambre
482 104 45 27 des
549 103 74 28 Pairs
637 122 7 13 ,
666 107 26 24 fie
713 115 17 30 y

44 142 13 19 a
73 144 53 33 pris
146 146 103 27 féance.
294 148 48 26 Les
365 148 174 26 Communes
559 149 50 19 ont
621 141 90 30 ordon-

44 181 31 47 ne
92 180 157 41 d'expédier
268 183 46 30 des
333 180 201 33 Commiflions
562 189 71 30 pour
660 180 67 31 élire

100 222 126 35 Députés
255 222 14 30 à
294 223 25 28 la
345 224 74 37 place
444 220 33 28 de
501 229 66 19 ceux
601 219 46 39 qui
667 219 60 30 font

41 259 83 47 j^orts
138 282 6 13 ,
174 274 35 18 ou
229 263 47 38 qui
305 272 48 18 ont
379 257 109 40 accepté
513 257 46 28 des
578 256 113 40 charges
711 260 14 26 à

41 289 22 30 la
79 300 85 30 Cour.
211 301 109 28 Enfuite
339 300 24 28 le
384 300 156 30 Parlement
557 307 15 18 a
591 295 43 28 été
659 305 50 32 pro-

41 337 61 39 r°gé
129 341 123 39 jufqu'au
269 338 130 31 onzième
418 339 37 28 du
482 337 73 30 mois
576 334 146 40 prochain.

40 369 46 39 9n
110 380 85 28 afl'ure
222 390 52 30 que
307 379 24 28 le
364 381 102 26 Comte
491 377 33 28 de
552 376 172 28 Dartmouth

40 406 37 30 Icr
79 422 13 19 -i
109 416 50 31 fait
177 418 96 30 Grand
288 419 100 27 Ecuïcr
406 417 32 28 de
457 420 27 24 S.
510 418 44 25 M.
581 417 26 25 Se
625 423 53 30 que
697 413 28 28 fa

40 445 93 48 charge
162 457 33 30 de
215 457 144 28 Secrétaire
379 456 91 30 d'Etat
488 457 56 25 fera
562 451 107 30 donnée
687 462 34 20 au

34 485 143 39 Chevalier
206 498 135 27 Hanmer.
379 498 39 25 La
448 494 85 28 Reine
565 502 15 18 a
606 491 117 28 nommé

44 529 30 30 P°
86 542 20 15 -r
133 531 209 33 Commiffaires
371 535 35 28 du
432 536 168 25 Commerce
627 534 27 24 Se
676 531 45 28 des

40 562 144 54 Colonies,
207 574 22 30 le
248 578 100 26 Comte
366 573 33 28 de
411 572 189 32 Winchelfci,
614 570 107 30 Milord

185 633 8 13 ,
223 613 25 27 le
269 612 145 30 Chevalier
443 611 146 30 Meadows
615 607 103 35 l'aîné,

39 640 66 58 ||Jrs.
129 651 164 34 Monkcon,
315 654 104 28 Moor,
441 652 115 38 Guyin,
578 648 94 32 Folei,
693 652 26 25 Se

143 694 115 26 Cotcon.
296 692 51 26 Les
366 691 90 27 lettres
475 690 33 27 de
527 689 139 28 Lisbonne
684 687 37 28 du

40 722 21 27 3'
72 732 126 30 portent,
213 732 87 37 qu'on
317 729 78 27 alloit
411 728 126 28 détacher
555 728 33 30 de
607 725 112 32 l'armée

41 762 12 25 S
65 771 33 21 ou
118 772 15 21 6
154 769 139 30 réoimens
313 777 70 26 pour
400 767 65 28 aller
476 765 15 28 à
502 767 113 28 Tra-los
633 767 64 27 Mon-

40 800 27 26 des
94 814 70 27 pour
193 819 14 27 y
235 806 123 28 fubfîfter
384 806 59 38 plus
470 804 248 33 commodément,

40 841 59 46 Jais
130 847 86 37 qu'on
243 844 156 40 n'aprenoit
433 854 46 30 pas
504 855 98 18 encore
622 853 52 30 que
694 844 25 28 le

149 886 32 27 de
193 888 146 25 Portmore
357 882 97 31 voulût
469 881 80 32 cafl*cr
566 893 87 19 aucun
677 882 41 28 ré-

185 925 37 27 La
243 925 64 28 flore
333 925 35 28 du
391 924 79 28 Brelil
496 924 69 28 étoit
593 921 125 30 attendue

71 969 28 22 t
107 961 168 40 impatience
287 983 7 13 ,
317 966 26 26 Se
369 963 57 28 l'on
452 961 151 30 fouhaitoit
621 963 97 37 qu'elle

164 1002 94 28 ontrée
286 1012 47 28 par
350 1002 129 27 l'Amiral
497 1002 89 28 Baker
604 999 48 41 qui
671 999 37 30 l'a-

44 1035 50 30 ''e.
97 1042 71 27 croit
185 1052 34 17 en
241 1039 96 31 fureté.

162 1084 41 25 De
390 1082 19 26 Presbourg
409 1082 5 26 le
430 1090 25 22 9.
472 1082 109 31 Juillet.

40 1135 6 27 I
66 1126 33 18 *-e
111 1122 117 25 '(Coiifcil
246 1122 60 25 doit
324 1122 63 24 finir
410 1122 167 32 aujourdhui
593 1122 39 24 fes
650 1122 54 25 déli-

129 1167 37 18 ins
195 1159 94 27 furies
309 1155 109 30 affaires
438 1156 33 28 de
483 1159 139 40 Hongrie,
638 1156 79 40 après

43 1192 54 26 ™i
112 1195 57 28 l'on
189 1196 118 35 prendra
325 1198 77 25 l'avis
420 1195 46 26 des
480 1192 120 32 Etats'du
611 1199 89 25 Roïau-

43 1228 34 34 i)e
92 1241 70 27 pour
181 1232 107 31 former
307 1244 38 19 un
361 1230 142 35 Réfultat,
524 1237 25 26 Se
570 1234 146 40 congédier

43 1266 18 32 i?
76 1269 89 31 Diète.
203 1276 51 24 Les
272 1270 107 28 affaires
399 1272 61 26 font
477 1270 44 28 fur
539 1281 37 18 un
593 1272 56 27 bon
661 1273 56 37 pié,

58 1302 138 46 trnpcreu'_
226 1307 86 32 fef.int
335 1306 107 41 cfpérer
477 1317 54 19 aux
562 1309 155 31 Protcftans

80 1343 30 33 Us
125 1354 91 25 feront
233 1349 181 31 entièrement
431 1346 110 30 rétablis
557 1348 67 30 dans
644 1349 24 28 le
686 1350 21 28 li-

45 1383 33 33 ite
100 1390 122 27 exercice
249 1389 33 30 de
300 1390 57 28 leur
377 1389 152 38 Religion,
549 1388 168 31 nonobftant

46 1424 24 37 ,s
81 1429 154 32 opoliions
262 1428 35 30 du
317 1428 102 31 Clerçré
438 1429 135 27 Romain.
613 1430 47 27 On
679 1429 38 28 dit

52 1460 30 5 .1,-
103 1454 126 11 *..___
384 1454 17 11 t^
604 1463 5 2 .

45 1467 25 44 J*
72 1467 11 34 e.
107 1468 25 24 S.
156 1469 44 26 M.
220 1469 22 26 I.
275 1478 35 18 ne
337 1475 159 20 retournera
520 1478 48 27 pas
594 1467 33 30 de
648 1478 13 26 y
679 1469 26 27 fe-

46 1504 87 32 .'"les
154 1506 15 28 à
188 1506 106 30 Vienne
306 1525 7 12 ,
334 1506 100 37 auquel
452 1515 90 28 temps
569 1515 15 17 a
608 1505 45 30 été
678 1517 28 19 re-

45 1567 7 8 ,
67 1543 31 24 l*e
124 1544 26 27 la
175 1544 158 30 cérémonie
359 1543 33 30 de
412 1544 106 30 donner
547 1544 22 27 le
587 1543 132 40 Chapeau

46 1599 15 12 j.
71 1581 13 20 *
100 1583 161 30 Cardinaux
281 1584 102 30 Piazza
399 1587 26 25 Se
437 1581 209 40 Schrorcmbag.
671 1583 47 27 On

47 1617 91 31 f'r-iic
159 1624 37 26 les
216 1633 111 27 troupes
347 1622 48 39 qui
415 1622 61 28 font
490 1622 69 27 dans
568 1629 78 21 notre
658 1620 46 26 voi-

45 1677 21 22 fl
73 1661 13 19 a
91 1667 30 26 _e
133 1689 4 1 .
152 1661 209 39 s'aprocheront
378 1661 33 27 de
431 1661 57 27 l'lle
506 1661 37 28 de-
557 1658 83 30 Schut
650 1667 70 32 pour

45 1689 102 44 venger
165 1700 69 28 d'air
255 1702 46 38 qui
320 1700 38 28 eft
389 1698 102 28 infecté
517 1709 47 30 par
591 1700 37 27 les
653 1696 50 30 cha-

63 1731 37 28 nts
117 1739 164 33 exceffives,
299 1749 112 19 comme
428 1737 64 30 auffi
507 1749 70 28 pour
595 1739 26 27 ta
639 1747 60 18 com-

48 1772 90 32 jorli:é
164 1778 46 28 des
230 1778 156 39 fourrages.
426 1780 72 26 Pour
517 1776 41 30 cet
575 1774 85 34 effet,
681 1785 37 19 on

174 1817 67 30 dans
259 1827 66 19 cette
340 1818 39 28 Ile
403 1827 38 19 un
457 1827 69 28 pont
542 1817 33 27 de
592 1824 107 20 commu-

46 1850 110 34 js*rion
176 1854 41 30 fur
247 1857 22 28 le
288 1857 128 28 Danube.
455 1857 69 28 Hier
550 1865 33 18 au
609 1852 56 30 foir
683 1863 39 20 on

47 1910 17 27 ç
74 1886 80 35 Pécha
172 1906 100 18 encore
291 1906 37 18 un
345 1896 117 28 Courier
482 1893 14 28 à
515 1891 157 31 Barcelone.
685 1893 37 25 Le

48 1944 18 32 y
66 1926 69 21 0
165 1933 33 28 de
234 1933 209 40 Peterborough
478 1931 39 30 eft
555 1929 130 31 retourné
706 1928 17 31 à

67 1970 84 26 'Ctiiic.
168 1974 37 27 Le
214 1974 74 28 bruit
299 1983 77 19 court
386 1974 67 38 qu'il
464 1970 126 38 pourroit
600 1970 65 27 bien
674 1980 32 17 en-

47 2006 12 51 f
59 2006 26 51 c^
86 2013 13 17 e
197 2010 69 30 faire
283 2023 37 19 un
337 2022 63 18 tour
418 2009 14 30 à
451 2010 99 27 Turin.
591 2009 37 27 Le
645 2009 58 27 Con-

48 2042 37 45 o':
102 2044 30 28 de
151 2049 171 38 l'Empereur
348 2048 38 31 eft
412 2047 54 31 fort
491 2046 123 50 intrigué
632 2044 44 33 fur
694 2059 31 19 ce

48 2104 6 22 I
56 2113 11 18 t
78 2083 7 18 l
143 2088 70 37 parte
230 2101 34 18 en
288 2091 174 35 Angleterre,
483 2086 66 31 d'où
567 2087 57 28 l'on
648 2098 77 32 reçut

47 2145 11 20 5
60 2153 12 17 V
85 2131 20 27 V
125 2124 37 32 'es
181 2130 188 38 propofîtions
387 2128 33 30 de
439 2128 65 38 paix
523 2137 52 27 que
594 2127 26 28 la
638 2130 87 31 Reine

128 2169 233 39 communiquées
389 2167 15 30 à
432 2169 51 27 (on
503 2166 172 35 Parlement,
699 2176 26 24 Se

94 2204 47 26 °ur
161 2205 124 33 délibère
301 2206 195 32 férieufcmciu
516 2204 143 38 là-dcflùs,
670 2207 58 32 afin

783 66 33 27 de
843 66 118 37 prendre
987 66 33 31 de
1046 67 79 37 juftes
1147 69 130 33 mefures.
1316 73 35 27 Le
1370 71 98 26 Comte

778 103 33 28 de
831 105 126 32 Provana
976 106 129 31 Miniftre
1129 110 33 30 de
1191 115 96 26 Savoie
1312 110 37 31 eft
1371 109 51 30 allé
1449 105 17 31 à

777 144 126 32 Vienne,
924 146 69 30 d'où
1009 150 58 27 Mr.
1087 146 32 27 de
1137 151 109 44 Wybot
1259 164 31 28 ig
1304 155 66 26 Env.
1384 154 77 26 Exr.

775 181 33 30 de
827 180 159 35 Danemarc
1010 187 38 30 eft
1065 196 97 18 revenu
1182 190 45 27 ici.
1270 195 47 30 On
1344 193 38 26 dit

772 221 175 37 l'Empereur
971 235 15 18 a
1005 223 98 32 acordé
1120 234 98 20 encore
1235 239 32 19 au
1291 230 154 28 Pri-nce-Ra-

771 268 78 32 gotzi
868 269 35 19 un
924 270 87 22 terme
1036 266 32 30 de
1088 276 11 27 3
1122 262 132 30 femaines
1273 278 71 26 pour
1364 278 77 28 accep-

771 307 38 19 ter
834 298 22 27 le
883 300 109 37 pardon
1011 304 151 40 Impérial,
1193 302 72 39 paflé
1278 305 90 39 lequel
1385 309 19 27 il
1424 317 32 19 ne

771 346 99 26 pourra
887 337 60 35 plus
964 350 104 22 rentrer
1084 356 34 17 en
1135 353 87 19 grâce.

895 381 38 20 De
950 381 146 28 Francfort
1113 387 22 22 le
1156 394 44 15 17.
1217 381 104 28 Juillet.

803 418 37 22 Le
856 418 64 24 Duc
940 418 33 24 de
991 420 194 43 Wirtembcrg
1202 432 14 18 a
1233 431 61 30 reçu
1322 418 15 30 à
1363 422 72 32 Rhui-

767 454 100 26 zabern
881 463 38 18 un
939 454 116 30 Courier
1074 461 35 27 du
1130 456 94 34 Prince
1238 457 119 43 Eugène,
1380 470 72 27 pour

767 489 65 30 faire
842 491 124 30 marcher
978 494 118 39 quelque
1107 500 139 39 régimens
1256 500 31 30 de
1298 497 46 30 fon
1356 498 93 28 armée

767 541 56 18 vers
842 531 38 28 les
901 534 130 26 Pais-Bas
1044 552 7 13 ,
1074 539 27 24 Se
1122 531 33 33 ils
1182 540 92 31 feront
1299 536 150 40 remplacés

768 580 47 31 par
834 570 33 28 de
894 569 163 31 l'infanterie
1077 583 98 20 venant
1191 580 32 27 de
1244 579 119 31 Bavière.
1402 578 48 26 On

767 609 40 30 dit
822 620 53 28 que
896 611 24 28 le
932 611 144 30 Maréchal
1095 611 167 38 d'Harcourt
1279 619 78 40 après
1376 617 74 30 avoir

767 648 143 30 raflemblé
928 659 87 20 toutes
1035 650 39 31 fes
1094 660 111 31 troupes
1226 658 119 31 derrière
1364 660 38 28 les
1419 656 24 31 li-

767 699 65 28 gnes
847 707 7 14 ,
883 698 15 18 a
915 689 201 39 prefentement
1141 702 37 26 40
1206 694 146 33 bataillons
1370 702 26 26 8e
1416 707 11 27 3
1436 722 14 4 -

768 728 163 33 efeadrons,
959 737 79 21 outre
1058 741 32 18 11
1109 730 139 40 régimens
1274 737 33 30 de
1325 736 128 31 cavalerie

769 772 26 25 Se
821 765 172 30 d'infanterie
1020 769 47 37 qui
1094 767 61 30 font
1182 770 15 28 à
1218 774 61 27 Keil
1299 780 26 25 Se
1344 777 15 28 à
1377 780 61 26 Fort-

767 806 79 30 louis.
867 806 50 28 Les
935 806 106 31 milices
1058 808 67 39 qu'il
1150 819 17 18 a
1185 811 131 30 mandées
1332 835 7 12 ,
1361 816 91 28 feront

767 844 159 31 diftribuées
946 844 66 31 dans
1031 846 35 31 les
1085 847 78 30 villes
1181 852 27 26 Se
1226 848 66 31 dans
1319 853 38 28 les
1383 865 53 19 nou-

767 885 78 30 velles
863 885 89 40 lignes
971 896 61 30 près
1043 883 202 48 d'Hunningue
1263 900 70 30 pour
1344 893 38 28 les
1393 904 46 30 gar-

767 924 44 30 der
829 934 63 19 avec
908 926 133 40 quelques
1057 938 112 31 troupes
1187 930 123 41 réglées,
1331 934 26 26 Se
1383 943 70 30 pour

767 964 76 30 avoir
860 958 67 34 l'oeil
946 963 43 32 fur
1006 967 25 27 le
1050 970 71 27 Cors
1139 969 191 40 d'lmpériaux
1348 970 61 32 fous
1429 972 24 28 le

767 1002 118 31 Général
901 1002 32 31 de
964 1007 84 27 .Vend
1067 1006 63 41 près
1147 1007 33 28 de
1201 1009 164 32 Confiance.
1406 1012 47 25 On

767 1042 83 30 afl'ure
868 1052 53 27 que
953 1044 26 30 la
1003 1048 65 37 paix
1095 1045 38 28 crt
1157 1048 112 30 conclue
1289 1061 33 18 en
1338 1046 80 33 Suiffe
1437 1045 15 30 à

768 1080 158 31 l'cxclufion
943 1082 33 30 de
994 1084 99 28 l'Abbé
1110 1083 33 30 de
1162 1088 37 25 St.
1221 1088 76 26 Gall.

882 1124 39 26 De
1121 1124 19 26 Dunkerque
1140 1124 5 26 le
1166 1127 41 24 18.
1224 1126 105 27 Juillet.

798 1163 138 25 L'efcadre
965 1163 133 35 Angloifc
1122 1163 71 25 forte
1220 1163 33 26 de
1278 1172 33 27 33
1343 1165 106 31 voiles,

765 1199 87 35 parmi
879 1198 115 38 Jefqucls
1013 1200 19 25 il
1052 1209 17 26 y
1088 1209 15 15 a
1123 1204 34 22 16
1174 1209 65 28 gros
1258 1201 155 31 vaiffeaux,
1436 1211 14 18 a

765 1235 116 30 mouillé
905 1235 165 37 aujourdhui
1096 1237 98 27 devant
1224 1246 65 18 cette
1317 1239 63 27 rade
1406 1238 44 30 fur

765 1276 37 26 les
822 1287 14 14 1
855 1274 96 28 heures
971 1277 78 34 après
1068 1274 81 27 midi.
1191 1276 73 26 Mais
1281 1276 37 26 les
1336 1284 112 28 troupe,

764 1322 32 20 ne
814 1322 135 31 pourront
966 1322 97 19 mettre
1082 1307 44 44 pié
1143 1311 14 30 à
1175 1320 70 20 terre
1264 1322 52 28 que
1337 1312 112 28 demain

764 1361 31 19 au
814 1352 97 27 matin.
951 1351 167 39 Lcspilotes
1136 1350 99 30 côriers
1253 1361 13 31 y
1279 1361 48 19 ont
1344 1351 41 28 été
1403 1363 32 18 en-

764 1390 78 28 voies
862 1402 70 30 pour
959 1384 181 51 fjfl^ntrcr
1166 1402 40 18 ces
1227 1393 39 26 vai
1272 1390 89 30 fléaux
1381 1393 69 27 dans

764 1430 22 28 le
806 1442 72 28 port.
920 1424 248 47 Notxt^P'rniloii
1192 1430 25 31 fe
1240 1431 67 28 tient
1331 1430 76 40 prête
1434 1430 15 30 à

764 1470 85 37 partir
866 1480 64 18 avec
946 1480 60 19 tous
1028 1469 37 30 les
1083 1472 131 28 Officiers
1233 1472 47 39 qui
1298 1482 33 18 en
1349 1472 86 39 dépen-

764 1508 72 27 dent.
894 1508 177 28 L'lntendant
1106 1511 24 26 le
1155 1511 81 31 Blanc
1260 1511 130 31 demeure
1416 1511 35 27 ici

764 1556 70 27 pour
853 1546 119 26 recevoir
991 1545 37 26 les
1048 1541 119 44 Anglois
1180 1566 8 18 ?
1206 1551 27 25 Se
1250 1550 20 27 il
1286 1560 17 19 a
1323 1550 48 31 fait
1390 1550 46 39 pré-

764 1592 76 28 parer
862 1591 12 25 y
892 1581 84 28 tables
996 1580 119 31 chacune
1133 1583 33 30 de
1187 1596 33 26 15
1240 1598 124 22 couverts
1383 1596 69 31 pour

764 1620 104 37 régaler
886 1630 28 18 ce
927 1618 56 30 foir
1000 1620 71 28 leurs
1090 1622 130 33 Officiers
1238 1628 158 30 Généraux.
1427 1624 24 28 Il

764 1668 15 28 y
798 1667 14 19 a
829 1657 83 30 ordre
928 1658 33 28 de
986 1658 65 28 tirer
1077 1661 24 28 le
1127 1672 89 21 canon
1240 1667 33 30 de
1300 1668 26 27 la
1345 1664 63 32 ville
1423 1667 27 26 Se

764 1696 32 28 de
820 1706 61 19 tous
907 1696 38 30 les
972 1698 78 28 Forts
1078 1700 15 30 à
1120 1701 57 31 leur
1202 1706 139 39 aproehe,
1370 1708 26 25 Se
1416 1702 34 28 ils

764 1736 58 27 leur
837 1733 92 31 feront
946 1734 138 39 délivrés,
1096 1742 66 30 auffi
1180 1743 64 30 bien
1261 1754 52 28 que
1332 1744 38 25 les
1389 1749 41 18 ma-

765 1773 99 38 gafins.

940 1820 40 25 De
999 1820 65 27 Lille
1080 1824 24 24 le
1121 1832 34 15 20
1180 1820 100 27 Juillet.

802 1857 47 22 On
867 1857 99 28 envoie
983 1857 34 31 de
1033 1869 61 20 tous
1114 1861 35 26 les
1170 1857 135 37 magafins
1328 1857 45 25 des
1391 1857 45 34 pla-

770 1900 39 19 ces
828 1890 33 32 de
880 1894 130 33 Flandres
1029 1898 15 30 à
1062 1896 112 31 l'armée
1185 1913 7 12 ,
1204 1902 51 19 une
1273 1892 175 38 prodigitufe

770 1932 123 38 quantité
914 1935 33 31 de
978 1936 135 30 bombes,
1136 1932 32 27 de
1194 1930 131 39 grenades
1351 1933 26 24 Se
1403 1939 31 17 au-

770 1978 51 21 tres
839 1971 65 33 feux
927 1974 130 31 d'artifice
1084 1980 70 30 pour
1179 1968 107 39 pouflèr
1302 1969 132 37 vigoureu-

770 2010 104 33 fement
891 2015 24 28 le
934 2014 69 38 fïége
1020 2011 32 27 de
1070 2008 163 31 Landrccis,
1264 2008 48 38 qui
1337 2006 41 30 fut
1408 2006 28 32 in-

770 2052 65 32 verti
855 2056 21 26 lé
898 2065 44 22 17.
964 2062 32 17 au
1016 2048 53 28 foir
1088 2057 47 27 par
1162 2048 24 27 le
1207 2046 96 30 Prince
1320 2044 135 33 d'Anhalt

771 2093 98 30 Deflau
888 2100 63 18 avec
970 2098 37 26 34
1023 2086 148 28 bataillons
1196 2091 26 25 Se
1244 2098 35 26 30
1296 2085 164 34 efeadrons..

771 2134 51 26 Les
841 2130 128 28 Officiers
987 2124 149 32 Généraux
1163 2126 56 39 qui'
1237 2126 133 32 ferviiont
1391 2128 64 32 fous

772 2172 57 30 lui,
852 2167 59 28 font
930 2167 24 26 le
972 2166 96 28 Prince
1084 2165 32 28 de
1135 2164 128 31 Holftein
1276 2167 71 31 Beek
1359 2174 24 26 Je
1397 2172 59 27 Mr.

777 2237 1 1 .
796 2205 170 43 lcychenbag
984 2206 164 28 Licutcnans
1165 2206 150 34 Généraux
1328 2230 7 15 ,
1348 2207 111 33 Meffrs.

1363 2248 97 32 Srbcls-
