1502 2348
38 293 550 53 JOURNAL
667 293 787 53 HISTORIQUE

270 528 120 45 IDV
455 523 182 46 LVN
658 524 50 41 <D
737 522 26 41 I
819 539 67 40 25.
917 520 145 59 Juillet
1120 542 18 28 i
1150 548 77 33 ?lx
1235 561 7 13 ,

189 633 46 24 De
259 633 117 24 Milan
399 633 46 24 le
469 633 24 24 7
516 633 188 24 Juillet.

51 669 202 158 ON
275 670 103 39 aprend
396 681 53 28 que
474 672 37 27 les
533 667 141 31 Miniftres
692 667 34 27 de

239 710 172 38 l'Empereur
437 719 51 18 ont
515 706 118 40 protefté
660 716 50 18 con-

239 757 39 19 tre
304 749 25 27 la
353 746 123 30 fentence
502 744 157 41 prononcée
678 755 48 28 par

235 784 109 31 Meffrs.
364 787 110 28 Stanian
491 789 27 25 Se
537 788 100 27 vander
650 787 77 25 Mccr

235 824 123 30 Envoies
378 823 241 31 Extraordinaires
645 822 33 28 de
697 826 31 26 Sa

52 854 110 46 •iajeiVé
181 865 180 38 Britannique
386 868 27 25 Se
430 863 33 31 de
489 865 32 28 L.
541 867 39 27 H.
607 860 106 33 Puiffan-

40 899 66 50 |jfs,
133 913 34 19 en
187 904 93 30 faveur
306 905 38 28 du
370 906 60 27 Duc
449 904 33 30 de
502 904 96 30 Savoie
611 922 7 13 ,
647 901 15 28 à
681 902 46 37 qui

104 943 129 41 adjugent
257 944 22 28 le
300 945 209 40 Vigevanalquc
535 947 26 25 Se
588 943 25 28 le
632 940 77 30 Nova-

54 985 58 39 g*s.
154 977 48 33 On
220 993 34 18 ne
270 984 58 27 voit
346 985 194 38 queCouriers
556 983 65 27 aller
640 984 26 24 Se
684 990 44 19 ve-

113 1019 33 30 de
172 1022 106 27 Vienne
306 1020 14 30 à
345 1022 92 28 Turin
456 1041 8 12 ,
495 1019 64 30 fans
585 1020 85 39 qu'on
696 1029 32 18 en

53 1054 76 35 Pliffe
148 1059 126 39 pénétrer
293 1059 24 30 le
334 1058 73 38 fujet.
448 1062 50 26 Les
522 1069 111 28 troupes
654 1057 59 27 Alle-

53 1093 106 38 mandes
176 1100 161 30 demeurent
352 1100 149 38 tranquilcs
517 1098 67 28 dans
602 1097 24 28 le
645 1097 61 28 Man-

53 1130 93 39 '°'Jan'.
159 1139 24 27 le
198 1139 149 27 Niodenois
365 1142 26 25 Se
403 1148 87 18 autres
508 1148 83 18 terres
600 1136 33 28 de
643 1137 64 27 Lom-

69 1174 91 34 ai'dic,
182 1181 26 25 Se
227 1178 56 28 l'on
300 1187 33 19 ne
351 1176 48 28 fait
426 1187 48 27 pas
493 1176 93 39 quand
604 1175 63 30 elles
690 1174 26 28 fc-

52 1208 27 22 to
81 1220 27 18 '!t_
136 1215 164 26 l'ouverture
325 1215 33 27 de
384 1215 27 26 la
426 1218 164 35 Campagne
612 1225 35 17 en
669 1213 44 28 Pié-

54 1246 72 33 mont
138 1272 9 13 ,
170 1254 168 35 pareequ'on
363 1253 40 27 dit
426 1264 56 28 que
508 1253 24 27 le
553 1256 61 26 Duc
627 1252 34 30 de
684 1254 28 26 Sa-

54 1285 51 32 :°ie
124 1300 14 17 a
156 1291 109 27 déclare
283 1291 69 35 qu'il
363 1290 81 28 feroit
462 1300 93 18 neutre
567 1310 7 12 ,
594 1299 58 19 tant
676 1303 51 27 que

91 1328 98 30 France
215 1331 169 37 n'attaquera
400 1337 104 20 aucune
522 1328 33 30 de
580 1326 28 34 fe_
639 1329 89 38 places

70 1368 7 18 1
96 1376 33 20 ne
146 1369 145 38 pénétrera
307 1368 69 28 dans
394 1365 48 31 fon
463 1371 72 38 pais.
554 1365 72 31 C'cft
644 1377 67 31 pour-

52 1400 59 51 voi
135 1406 37 30 les
200 1408 143 28 Allcmans
369 1417 48 18 ont
442 1407 50 30 fait
522 1407 73 30 halte
621 1407 44 30 fur
691 1408 37 28 les

61 1442 128 32 entières
200 1447 34 27 du
248 1447 133 32 Milanés,
396 1446 104 40 jufqu'à
516 1457 28 18 ce
562 1448 81 37 qu'ils
657 1449 71 27 aient

65 1481 51 30 Pris
135 1482 25 30 la
169 1483 154 31 réfolution
332 1486 33 27 de
377 1486 171 33 l'Empereur
567 1485 44 28 fur
628 1486 41 28 cet
686 1488 28 26 in-

53 1515 93 33 «dent.

217 1565 40 26 De
380 1565 17 27 Vevife
397 1565 6 27 le
417 1567 26 25 8.
450 1565 109 33 Juillet.

79 1607 89 22 r-undi
187 1611 32 20 au
242 1607 56 22 foir
324 1611 38 18 on
389 1607 30 22 fit
443 1607 85 33 partir
556 1611 52 20 une
633 1607 94 31 faïque

63 1637 41 26 *cc
120 1638 33 28 de
171 1642 116 38 l'argent
304 1650 70 28 pour
393 1641 24 28 le
436 1641 119 30 Général
574 1638 87 32 Pifani
680 1641 47 35 qui

61 1683 20 22 .'
102 1672 15 30 à
132 1676 213 32 Caftei-Nuovo
364 1689 34 18 en
416 1678 150 31 Dalmatic.
595 1680 48 27 On
661 1685 50 20 con-

70 1715 47 27 hue
145 1715 15 28 à
183 1717 116 40 équiper
315 1729 37 18 un
370 1716 138 32 troifiême
527 1719 111 30 Convoi
658 1727 69 28 pour

59 1750 12 18 e
78 1748 111 41 Levant,
200 1760 38 26 où
256 1757 57 28 l'on
332 1756 57 31 fera
407 1755 84 39 porter
510 1760 130 38 quelques
652 1766 60 18 trou-

52 1789 39 48 as
107 1801 64 20 avec
189 1795 46 30 des
254 1795 156 39 provifions
430 1806 71 28 pour
526 1796 138 30 renforcer
690 1794 37 27 les

52 1832 27 46 |p
80 1831 105 31 rnifons
202 1834 33 30 de
254 1846 50 17 nos
324 1835 87 38 places
424 1846 34 18 en
477 1835 109 30 Moréc.
599 1837 46 26 On
661 1833 66 28 écrit

98 1872 90 28 Rome
206 1874 35 27 du
262 1885 25 17 1.
307 1885 54 26 que
373 1877 57 26 Mr.
443 1876 123 27 Molines
575 1877 77 25 aïant
664 1883 60 22 reçu

52 1905 27 31 J}
90 1906 115 34 Courier
221 1912 33 28 de
267 1911 113 30 Madrid
396 1924 64 18 avec
469 1924 52 18 une
533 1915 73 27 lettre
624 1911 34 28 du
671 1911 54 27 Roi

52 1944 118 48 j.'l'ppe
189 1962 72 27 pour
278 1951 25 28 le
321 1954 90 37 Pape,
425 1951 18 28 il
462 1952 93 27 l'avoit
572 1950 104 28 délivré
692 1958 32 19 au

204 1990 34 28 de
255 1994 26 26 S.
294 1994 25 25 S.
339 1989 15 30 à
372 2001 48 27 qui
439 1990 18 26 il
474 2001 15 17 a
506 1989 48 28 fait
570 2000 60 28 part
645 1998 60 18 cor-

57 2042 6 11 n.
77 2026 11 18 c
104 2024 65 31 auffi
195 2039 33 19 au
247 2029 78 28 Sacré
341 2028 136 40 Collège,
498 2029 32 26 de
549 2029 26 26 la
592 2027 133 31 naiflance

89 2060 122 38 .l'lnfant
237 2067 165 40 d'Efpa_nc.
457 2068 38 27 Le
513 2067 131 30 Cardinal
665 2068 45 30 Pal-

48 2117 13 30 ç
87 2104 61 28 lC!ni
168 2106 40 30 eft
224 2118 76 19 mort
318 2107 80 30 d'une
417 2115 109 25 attaque
535 2107 188 39 d'apoplexie,

87 2144 9 15 s
122 2147 77 27 avoir
224 2158 37 27 pu
285 2146 86 40 ligner
397 2145 50 31 fon
471 2146 161 30 Tcftament
643 2160 6 18 -.
671 2153 53 27 Son

47 2180 44 43 fJ
91 2181 4 17 1
120 2178 38 33 fut
184 2185 117 30 inhumé
328 2187 26 28 le
377 2198 25 19 1.
420 2185 69 32 dans
506 2185 112 39 l'Eglife
637 2189 33 32 de
687 2196 37 26 St.

73 2215 76 44 aVi
155 2232 8 18 s
188 2224 15 30 à
221 2226 81 33 Ripa.

928 632 40 26 De
989 632 119 25 Madrid
1119 632 22 24 le
1196 635 12 26 5
1208 635 94 26 Juillet.

802 671 40 26 La
859 671 59 25 nuit
937 671 35 26 du
994 679 25 18 1.
1038 679 33 19 au
1093 679 28 27 3.
1140 671 20 25 il
1178 679 90 22 airiva
1291 684 37 19 un
1348 671 91 40 Exprès-

769 705 33 31 de
820 707 26 30 la
861 709 76 27 Cour
956 707 32 27 de
1000 710 118 28 France,
1140 717 63 20 avec
1219 715 58 26 avis
1294 724 52 27 que
1364 711 24 31 le
1408 722 30 24 17-

769 744 37 32 --du
830 746 73 28 mois
928 744 109 31 dernier
1055 767 7 14 ,
1090 746 25 28 la
1134 748 87 28 Reine
1246 750 33 28 de
1298 752 26 27 la
1343 750 111 31 Grande

769 788 132 38 Bretagne
919 787 202 37 communiqua
1139 785 15 28 à
1172 784 48 30 fon
1240 789 175 33 Parlement',
1429 789 25 27 le

769 824 87 40 projet
874 824 32 28 de
926 824 64 38 p.tix
1010 823 67 30 dont
1089 824 57 28 Elle
1161 824 69 28 étoit
1239 836 142 21 convenue
1391 836 64 25 avec;

769 863 38 30 les
824 865 71 30 deux
913 868 164 25 Couronnes
1089 885 8 13 ,
1123 868 26 25 Se
1176 865 57 30 l'on
1257 868 103 35 aprend
1387 866 67 41 qu'il

769 913 14 18 a
800 904 41 30 été
857 902 120 40 aprouvé
998 913 46 31 par
1063 905 37 28 les
1119 905 71 28 deux
1207 902 168 31 Chambres.
1414 908 35 26 Le

770 944 58 28 Roi
844 953 17 19 a
883 943 129 31 ordonné
1032 954 54 20 aux
1106 945 131 28 Officiers
1253 944 149 31 Généraux
1421 946 34 28 de

769 981 112 30 l'armée
899 981 33 30 de
950 985 172 41 Catalogne,
1143 985 32 30 de
1201 985 84 39 partir
1311 983 129 31 inceffam-

769 1031 78 20 ment
866 1031 69 28 pour
952 1033 17 27 y
989 1023 67 30 faire
1081 1025 163 28 l'ouverture
1270 1024 33 28 de
1326 1024 25 28 la
1369 1028 64 25 Cam-

769 1070 89 32 pagne
868 1070 6 18 :
895 1063 48 26 On
960 1063 129 28 continue
1114 1064 14 26 à
1154 1074 15 27 y
1194 1071 169 31 tramporrer
1380 1070 74 20 toute

769 1095 72 34 îbrte
857 1098 33 30 de
908 1101 156 38 provifions
1082 1110 69 30 pour
1168 1102 116 37 remplir
1300 1103 39 27 les
1358 1109 71 31 maga-

769 1137 52 30 fins
834 1159 7 14 ,
862 1136 105 32 fuivant
985 1142 38 26 les
1041 1140 93 28 ordres
1152 1137 35 30 du
1207 1141 97 27 Prince
1320 1141 33 27 de
1372 1142 65 26 Tlèr-

769 1178 65 30 clas.
873 1179 48 27 On
939 1179 100 28 mande
1056 1176 242 31 d'Eftremadoure
1310 1196 7 12 ,
1338 1188 53 28 que
1402 1187 35 19 no-

769 1226 39 19 tre
824 1218 131 27 cavalerie
974 1220 76 24 aïanc
1068 1215 103 39 grande
1196 1214 94 27 dilctce
1317 1215 33 28 de
1375 1219 60 25 four-

769 1266 65 28 rage
846 1259 61 27 ,Se
935 1254 35 30 les
999 1253 122 28 chaleurs
1146 1252 15 28 é
1163 1263 56 17 ranr
1245 1253 162 32 exceffives,
1429 1253 24 27 le

771 1296 130 35 Marquis
926 1292 32 28 de
984 1296 54 34 Bay
1069 1291 93 39 fépara
1186 1291 112 27 l'armée
1324 1300 32 18 en
1383 1292 70 26 trois

769 1343 61 17 cors
847 1333 25 28 k
895 1342 44 24 19.
958 1331 37 26 du
1011 1331 73 26 mois
1102 1330 106 27 dernier
1225 1346 7 13 ,
1253 1329 54 27 l'un
1325 1336 60 20 vers
1395 1328 39 27 Ca-

769 1369 28 30 la
824 1370 43 28 dcl
887 1370 104 39 Carpio
1017 1369 33 27 de
1077 1369 93 27 l'autre
1196 1365 61 31 côté
1281 1365 33 28 de
1332 1365 120 38 Badajoz

769 1408 46 31 fur
841 1409 22 30 le
883 1409 111 30 chemin
1012 1408 184 40 d'Olivcnça,
1215 1417 37 18 un
1270 1415 73 20 autre
1363 1403 14 31 à
1395 1406 59 30 l'lle

770 1449 32 30 de
821 1449 126 34 Sancho,
970 1454 26 25 Se
1015 1449 25 28 le
1059 1448 137 40 principal
1221 1446 15 31 à
1260 1448 87 27 Botoa
1367 1443 43 31 fur
1429 1444 25 30 le

769 1487 111 31 chemin
893 1487 209 40 d'Albukerquc
1115 1509 6 12 ,
1140 1488 14 28 à
1172 1487 72 30 deux
1263 1487 81 30 lieues
1362 1488 26 26 Se
1406 1483 33 30 de-

769 1527 40 26 mi
828 1526 32 28 de
879 1526 35 28 là.
935 1530 48 25 Les
1002 1537 112 28 troupes
1133 1527 128 27 dévoient
1277 1537 89 19 entrer
1384 1525 70 30 dans

769 1576 41 17 ces
830 1566 135 35 quartiers
984 1564 33 27 de
1041 1564 244 30 rafraichiflement
1310 1566 24 28 le
1352 1577 46 24 17.
1417 1573 38 19 ou

769 1602 24 28 le
811 1607 46 21 18.
898 1604 81 25 Deux
1003 1599 33 28 de
1058 1611 51 19 nos
1135 1611 85 28 partis
1240 1606 77 27 aïant
1343 1600 111 44 pénétré

769 1637 103 39 jufqu'à
888 1638 163 32 Villaboin,
1080 1650 33 19 en
1141 1643 174 31 ramenèrent
1341 1654 31 28 33
1397 1639 43 40 pri-

769 1675 123 31 fonniers
909 1677 157 39 Portugais.
1107 1681 47 27 On
1172 1691 15 18 a
1204 1694 15 17 v
1239 1685 57 26 avis
1315 1691 52 31 que
1382 1681 25 28 le
1423 1689 30 26 4.

769 1716 63 32 Juin
849 1716 19 26 il
889 1726 76 18 entra
981 1716 69 31 dans
1069 1719 24 30 le
1113 1722 67 27 Port
1198 1722 33 28 de
1250 1724 74 35 Vigo
1342 1730 34 18 en
1394 1721 38 27 Ga-

769 1755 48 26 lice
829 1774 8 11 ,
859 1762 38 19 un
913 1754 117 31 vaiffeau
1050 1756 32 31 de
1100 1759 25 28 la
1141 1761 65 28 flore
1225 1761 33 28 de
1278 1761 25 27 la
1317 1756 137 31 Nouvelle

769 1791 126 43 Efpagne
913 1813 8 13 ,
952 1798 117 28 nommé
1094 1799 187 34 Jefus-Maria
1304 1800 26 25 Se
1356 1791 96 38 Jofef,

769 1832 67 27 dont
854 1831 39 30 eft
907 1835 148 39 Capitaine
1075 1840 37 28 D.
1129 1839 116 30 Nicolas
1265 1834 106 28 Solana.
1402 1834 52 26 Par

769 1871 81 28 ordre
876 1872 37 31 du
932 1876 111 31 Viceroi
1069 1879 20 28 il
1114 1879 99 27 ftrvoit
1228 1873 32 27 de
1284 1871 112 38 patachc
1420 1874 35 24 aii

769 1907 117 34 vaiffeau
904 1912 22 31 le
939 1918 90 27 Baron
1046 1918 32 27 de
1097 1918 24 26 la
1133 1912 120 32 Fauche,
1266 1911 47 37 qui
1331 1905 123 32 arrivai

770 1951 148 33 Portloin's.
937 1968 34 18 en
987 1959 100 26 France
1111 1955 22 26 le
1155 1961 25 25 S-
1198 1949 34 27 du
1259 1948 92 28 même
1368 1945 85 28 mois.

769 1990 38 30 Le
820 1994 145 41 Capitaine
991 1995 91 27 s'éroit
1106 1989 52 27 rire
1178 1984 191 32 hureufëment
1388 1983 66 33 d'un

770 2034 112 30 combat
899 2035 67 39 qu'il
984 2033 74 28 avoir
1076 2028 44 27 e'-é
1136 2026 96 41 obligé
1250 2022 124 33 d'efluïeT
1385 2023 69 30 dans;

769 2073 26 27 la
804 2074 133 31 Manche,
954 2079 93 20 contre
1064 2068 25 26 le
1100 2063 113 31 vaiffeau
1226 2065 32 30 de
1274 2074 96 31 guerre
1382 2065 54 30 Hol-

769 2113 109 28 landois
895 2107 116 32 nommé
1029 2102 22 31 là
1074 2106 84 28 Perle.
1198 2105 21 28 Il
1239 2117 14 30 y
1273 2105 76 28 avoit
1367 2102 41 33 fur
1428 2114 28 22 ce

769 2152 117 31 vaiffeau
893 2148 65 37 cinq
977 2154 59 21 cent
1054 2145 76 31 mille
1149 2146 86 39 pièces
1254 2145 32 27 de
1305 2144 72 35 huit,
1387 2146 70 30 dont

769 2192 25 28 le
811 2194 61 25 Duc
889 2187 33 27 de
941 2187 112 30 Linaics
1072 2185 115 33 Yiceroi
1209 2184 81 32 feloit
1316 2185 106 43 prefent
1441 2186 15 28 à

887 2228 30 27 N
932 2237 18 18 n
965 2237 20 18 n
1423 2229 33 24 Sa
