1502 2348
40 45 157 32 Sib.isdoïf
214 73 5 2 .
250 45 141 27 Bonneval
409 63 8 13 ,
454 45 77 26 Bork
557 46 26 25 Se
609 45 122 37 Viçoiffe

40 78 171 39 Maréchaux
239 80 32 31 de
298 84 89 38 Camp
410 103 7 12 ,
446 85 27 24 Se
507 81 38 28 les
572 80 156 39 Brigadiers

40 118 180 43 Hompefch,
249 122 139 33 Colerits,
420 124 96 25 Bonau
542 124 25 25 Se
596 119 131 39 Beaupré.

40 163 94 26 Parmi
157 161 38 28 les
214 170 38 30 34
278 163 146 27 bataillons
449 157 37 30 du
504 158 70 44 fiége
592 159 20 27 il
631 170 14 28 y
663 170 34 18 en
715 169 17 19 a

40 209 32 27 ij
93 200 184 34 Hollandois,
308 200 90 28 favoir
416 197 24 27 le
459 207 119 28 premier
596 198 133 28 ba.aillon

40 239 47 30 des
106 241 124 33 Gardes,
253 241 102 46 Fagcl,
374 235 97 40 Egelin
483 256 7 13 ,
521 239 24 28 le
563 237 120 38 premier
703 241 26 25 8c

40 280 24 28 le
92 280 100 28 fécond
220 279 135 30 bataillon
380 274 35 28 du
439 279 96 26 Prince
549 275 183 31 Maximilien

40 319 34 28 de
94 317 80 31 H.'ffe
185 338 8 13 ,
222 317 106 30 Lauder
341 333 7 9 ,
380 315 129 32 Murrai,
531 315 176 28 Lindeboom
720 334 8 13 ,

43 357 117 30 Bouchv.
172 358 67 32 eits,
270 352 107 33 Smith,
404 352 102 31 Naffau
524 354 204 39 Dillcnbourg,

40 397 26 28 le
87 398 96 27 Prince
204 396 111 28 Albert,
346 419 8 1 _
376 392 136 30 bataillon
530 392 37 30 du
592 391 139 43 régiment

41 435 48 30 des
110 435 106 28 Gardes
241 430 32 27 de
301 432 210 39 Wirtemberg,
542 430 74 33 Elft,
646 436 26 24 Se
694 442 37 19 un

41 474 38 28 du
100 475 94 27 Prince
215 470 85 30 Roïal
317 471 34 28 de
370 470 90 30 Pruffe
478 470 182 30 Hollandois.
680 470 61 28 Le/

44 522 90 19 autres
157 519 32 25 19
210 506 59 33 font
285 509 145 40 compofés
449 509 33 30 de
501 509 132 30 Prufliens
646 528 8 13 ,
676 510 38 27 Da-

47 553 61 27 nois
120 568 8 11 ,
159 550 105 28 Saxons
292 553 27 26 8e
343 559 111 28 troupes
483 548 171 28 d'Hmovcr.
694 549 38 26 La

45 583 133 45 garnifon
201 589 128 28 ennemie
356 587 39 31 eft
412 587 148 39 compofée
579 586 33 30 de
632 596 34 19 10
683 587 33 27 ba-

45 625 111 30 taillons
176 647 7 12 ,
211 628 117 28 d'autres
353 626 86 28 difent
461 635 30 28 13
507 646 8 13 ,
544 625 91 30 favoir
665 652 13 1 _
699 626 33 28 de

45 665 220 41 Luxembourg,
288 694 13 1 _
322 665 32 30 de
373 665 184 38 Languedoc,
589 676 9 17 1
622 665 93 27 d'Arta-

46 711 74 33 gnan
133 724 7 13 ,
164 717 13 17 1
197 705 32 28 de
243 704 123 32 Lnnofin
378 724 8 13 ,
407 716 13 17 1
439 705 33 27 de
491 705 26 27 ta
534 706 99 37 Roque
645 724 7 12 ,
674 715 14 17 1
700 704 33 28 de

48 743 174 33 Boulonois,
242 749 26 25 Se
289 757 13 15 z
325 743 154 40 Efpagnols
496 744 33 28 de
547 744 146 39 Longerue
704 746 26 25 Se

48 781 33 28 de
99 783 87 32 Peau,
209 795 63 18 avec
293 783 174 35 isoHuflars
485 787 26 25 Se
530 783 131 39 quelques
671 780 47 31 dra-

48 829 83 31 gons.
170 824 37 26 Le
224 826 182 26 Gouverneur
425 821 39 30 eft
482 833 35 18 un
537 822 92 34 Major
641 821 74 28 Géné-

48 859 40 28 ral
106 860 117 30 nommé
239 861 38 28 du
296 861 112 27 Barrail.
448 861 50 27 On
522 861 93 27 devoir
640 870 93 18 ouvrir

48 896 26 30 la
92 900 126 28 tranchée
237 900 24 28 le
281 908 45 20 11.
346 909 37 17 ou
407 900 25 27 le
451 911 46 26 13.
526 904 26 25 Se
578 909 112 19 comme
709 900 25 28 ta

48 937 78 39 place
144 939 67 28 n'eft
228 950 46 28 pas
294 938 19 28 fi
331 934 71 31 forte
420 948 52 27 que
490 939 22 27 le
530 938 148 38 Quefnoi,
696 948 38 19 on

51 973 93 41 efpére
159 976 61 28 d'en
237 978 54 28 être
315 974 102 31 maître
435 976 67 30 dans
523 986 31 27 15
570 979 89 39 jours.
697 979 37 27 Le

52 1025 50 25 17.
138 1013 112 32 l'armée
275 1017 38 28 du
335 1012 123 32 Général
485 1017 80 40 Fagcl
601 1016 133 40 décampa

48 1054 46 30 des
113 1054 130 30 environs
266 1056 38 28 du
331 1052 129 40 Quefnoi
493 1057 26 26 Se
546 1054 25 30 Ce
601 1056 99 40 joignit
720 1055 14 30 à

48 1093 27 28 la
92 1093 102 43 grande
211 1095 104 28 armée.
344 1096 37 26 Le
400 1093 96 30 Prince
515 1094 112 41 Eugène
645 1104 17 18 a
679 1095 54 39 pris

48 1130 50 30 fon
124 1135 132 33 Quartier
282 1133 14 28 à
324 1133 180 31 Bermerain,
531 1133 24 28 le
582 1135 100 26 Comte
702 1134 32 27 de

50 1170 70 28 Tilli
138 1170 15 30 à
174 1172 136 39 Bodigni,
317 1175 27 25 Se
353 1172 24 28 le
387 1169 120 31 Général
519 1172 83 38 Fagel
615 1170 14 30 à
641 1169 77 31 Efcar-

48 1211 91 27 main.
177 1209 181 30 Nonobftant
374 1211 24 28 le
415 1209 97 39 départ
530 1209 46 30 des
596 1211 137 41 Anglois,

50 1259 71 18 nous
138 1259 85 19 avons
241 1259 98 19 encore
354 1259 35 18 en
406 1251 164 38 Campagne
589 1259 30 18 11
639 1250 84 28 batail-

50 1286 64 30 lons
131 1291 27 25 Se
180 1298 34 18 20
230 1286 144 31 efeadrons
393 1287 59 39 plus
472 1298 52 28 que
543 1287 37 28 les
598 1290 136 27 ennemis.

48 1326 50 26 On
125 1326 103 38 aprend
254 1337 52 30 que
332 1328 37 27 lis
397 1336 122 33 troup^L
527 1326 102 40 Angloi
635 1326 35 28 fes
700 1337 33 18 au

50 1363 56 28 lieu
123 1364 32 28 de
172 1364 126 30 marcher
317 1376 48 26 par
386 1357 223 51 PouJ^Marcq
622 1383 6 11 ,
647 1367 70 24 Haut-

48 1402 123 28 bourdin
190 1408 27 21 Se
234 1402 170 26 Armenticrs
419 1393 105 43 p^_r^
544 1400 85 35 paffer
644 1402 26 26 ta
679 1402 58 33 Lis,

782 51 47 31 par
848 45 119 27 Orchics
986 52 71 31 pour
1075 45 67 27 aller
1160 45 15 27 à
1192 45 93 28 Gand.
1313 46 38 27 Le
1370 46 96 26 Comr*

782 83 33 27 de
840 78 135 33 Straffotd
998 86 27 25 Se
1051 83 25 27 le
1100 85 162 27 Lieutenant
1280 84 120 28 Général
1417 83 34 26 Ca-

782 120 98 40 dogart
896 122 130 28 viennent
1049 119 131 31 d'arriver
1198 124 56 32 ici,
1274 128 26 24 Se
1320 124 32 27 Us
1374 135 17 28 y
1408 117 43 33 doi-

783 170 65 18 vent
863 159 90 28 diner.
981 162 38 27 Le
1035 159 74 30 bruit
1127 171 78 19 court
1224 172 53 30 que
1294 162 112 31 l'armée
1424 165 39 22 cf'

782 200 93 27 nemie
893 197 63 31 fous
976 200 25 28 le
1013 198 144 30 Maréchal
1174 201 33 28 de
1219 202 102 27 Villars
1338 201 126 34 décamp*

783 236 61 30 hier
862 248 70 28 pour
957 237 156 39 s'aprocher
1140 239 34 30 de
1199 241 26 27 la
1251 250 78 18 notre
1346 244 26 24 Se
1393 239 71 30 livrée

784 275 118 30 bataille.
943 276 73 31 C'cft
1032 288 27 19 ce
1080 281 86 35 qu'on
1183 288 15 19 a
1215 280 79 38 peine
1315 279 17 28 à

959 320 40 25 De
1013 319 84 26 Gand
1109 320 22 26 le
1149 327 46 19 10.
1209 319 102 35 'juillet.

821 352 176 39 Aujourdhui
1024 365 67 19 ceux
1110 354 33 31 de
1160 356 27 28 ta
1205 354 161 31 Châtclenie
1385 358 78 30 d'An*

784 391 145 43 denbourg
961 404 48 18 ont
1036 405 65 28 reçu
1122 393 86 31 ordre
1231 396 33 28 de
1289 396 110 31 fournir
1422 393 41 31 do*

783 431 124 28 chariots
927 442 47 28 qui
993 431 115 31 doivent
1124 432 56 31 être
1200 433 139 30 Vendredi
1358 437 15 26 à
1393 437 69 27 Maf'

783 470 150 32 chiennes,
958 482 71 27 pour
1052 471 58 30 être
1131 472 141 38 emploies
1294 484 34 19 au
1348 474 70 30 fîé<re
1435 471 25 27 <•*

782 509 158 28 Landrccis.
969 511 50 27 On
1035 509 40 30 dit
1093 522 53 27 que
1163 513 38 27 les
1219 522 111 31 troupes
1351 508 107 46 Angloi'

782 547 38 30 fes
840 557 135 30 prennent
990 549 57 28 leur
1065 559 79 20 route
1159 561 59 19 vers
1237 548 165 33 Rouffelar.'
1431 549 27 27 A'

782 596 61 19 van:
861 587 58 27 hier
940 587 15 28 à
976 598 28 18 n
1026 587 96 30 heures
1140 589 38 28 du
1202 587 54 31 foir
1277 611 7 13 ,
1304 592 25 28 le
1352 591 45 31 feu
1416 587 43 43 pr'c

782 635 48 30 par
848 626 200 37 l'imprudence
1072 626 66 30 d'un
1161 627 143 39 plombier
1319 627 15 31 à
1352 631 24 27 ta
1389 633 69 37 gr**Ç

782 665 34 26 de
843 665 92 40 Egliie
952 665 171 34 d'Oftcndc,
1153 671 27 25 Se
1206 667 51 28 elle
1284 666 43 32 fut
1352 665 105 33 entiérf

782 712 76 20 ment
874 705 158 27 conlumée.

930 750 38 20 De
985 750 24 21 la
1026 750 70 22 Haie
1113 750 24 25 le
1155 757 43 20 24.
1212 750 106 27 Juillet.

817 787 52 24 On
887 787 100 24 mande
1005 787 33 25 de
1057 787 129 26 Flandres
1198 803 8 14 ,
1217 795 54 30 que
1287 788 26 27 la
1331 787 117 30 defertio1
1448 796 8 8 *

782 820 37 37 eft
834 820 56 30 fore
906 822 103 35 grande
1020 823 90 38 parmi
1129 823 35 28 les
1183 834 111 30 troupes
1309 823 145 43 Angloil'e'*

782 860 96 39 depuis
904 860 57 27 leur
993 861 156 39 féparation
1173 861 92 31 d'avec
1296 866 112 28 l'armée
1431 857 24 37 #

782 899 91 28 l'Etat.
912 900 37 26 Lé
967 900 209 30 Commandant
1196 902 117 38 Anglois
1332 914 46 28 qui
1398 899 57 33 eft*

783 937 80 30 Gand
881 938 39 37 s'y
939 935 103 32 fortifie
1058 950 33 18 en
1108 939 137 40 diligence
1256 952 7 17 :
1287 943 25 28 Il
1329 952 15 19 a
1362 931 93 51 pour^

782 976 26 30 fa
824 974 132 44 garnifon
974 978 33 28 de
1023 979 89 27 vivres
1127 989 71 30 pour
1219 991 14 18 1
1250 991 38 18 ou
1306 991 11 27 3
1339 984 85 27 moi-,
1440 972 15 17 *

782 1016 19 27 il
820 1019 44 35 n'y
883 1025 60 19 veut
961 1018 79 38 point
1058 1018 133 28 admettre
1209 1018 116 30 d'autres
1345 1018 109 39 troupe'

782 1057 38 26 La
835 1054 61 32 nuit
915 1055 37 30 du
980 1067 45 19 ri.
1052 1067 34 18 au
1113 1068 45 18 n.
1185 1058 24 27 le
1228 1062 90 25 Baron
1335 1059 104 28 d'Heen
1439 1061 15 15 1'

784 1091 129 31 Miniftre
930 1095 33 28 de
980 1096 172 39 l'Empereur
1170 1107 89 18 revint
1276 1109 45 15 ici.
1349 1101 40 26 La
1409 1093 45 43 p!11'

782 1142 60 27 part
866 1133 46 28 des
940 1134 142 30 Miniftres
1109 1135 46 28 des
1176 1135 85 28 Alliés
1290 1139 48 35 qui
1448 1128 6 20 1

782 1180 112 19 revenus
913 1169 161 33 d'Utrecht,
1095 1170 61 28 font
1172 1170 44 30 fur
1235 1173 24 27 le
1274 1183 80 27 point
1372 1174 45 39 d'y
1427 1173 26 25 r*'

782 1218 123 19 tourner.
925 1209 50 27 Les
994 1208 89 28 lettres
1101 1207 34 30 de
1153 1208 112 30 l'armée
1284 1211 37 30 du
1339 1222 44 18 11.
1404 1211 47 40 p"''

782 1257 74 24 tent,
876 1258 54 28 que
948 1247 58 28 l'on
1026 1248 150 28 travaitloit
1200 1259 64 19 avec
1287 1251 111 30 chaleur
1416 1243 35 35 a"'

782 1286 89 39 lignes
888 1286 33 28 de
937 1287 214 28 circonvalation
1169 1286 15 30 à
1201 1289 145 30 Landrccis
1359 1311 6 12 ,
1378 1294 26 24 Se
1417 1280 33 44 ci/

785 1325 162 28 l'ondevoit
964 1326 96 26 ouvrir
1070 1324 207 32 inceffamment
1294 1330 26 27 la

787 1372 61 17 tous
866 1363 37 26 les
920 1362 165 39 préparatifs
1101 1363 74 30 étant
1185 1364 115 31 achevés
1310 1378 71 28 pour
1391 1363 57 33 coK

785 1410 109 18 mencer
905 1411 28 18 ce
943 1401 79 37 fîege.
1033 1403 39 28 N.
1085 1406 24 26 S.
1122 1403 35 28 les
1169 1407 72 27 Etats
1254 1406 32 28 de
1299 1409 77 26 HoiL

48 1448 51 19 ont
118 1439 106 38 changé
243 1439 33 28 de
293 1448 78 20 route
386 1441 27 26 Se
426 1439 110 40 qu'elles
555 1449 50 19 ont
622 1440 112 31 marché
783 1440 155 41 féparérent
948 1441 110 30 Samedi
1076 1441 103 41 jufqu'à
1189 1444 124 30 Mécredi
1326 1440 120 47 prochi'J

92 1476 93 28 Madle
204 1479 112 28 flVßezc
327 1481 79 26 aiant
416 1480 26 27 la
450 1479 146 39 permiffion
607 1482 30 26 de
647 1482 60 27 Mr.
715 1483 22 26 le
746 1481 161 27 Lieutenant
915 1481 124 27 Général
1044 1483 30 27 de
1082 1485 94 26 Police.
1195 1492 24 21 _j*
1234 1486 181 37 Paprobation
1426 1473 21 39 *?

48 1514 130 30 Docteurs
187 1526 31 19 en
233 1520 138 28 Médecine
379 1520 30 26 de
417 1520 26 27 la
452 1520 111 27 Faculté
572 1521 30 25 A
611 1520 96 33 Paris,
718 1520 97 38 guérit
823 1530 64 19 avec
898 1530 35 17 un
946 1521 103 26 Baume
1065 1520 162 40 fpécifiquc,
1244 1532 57 19 tous
1309 1525 35 27 les
1354 1525 91 38 mattfj

47 1557 74 26 dents
128 1560 69 30 pour
204 1565 131 30 toujours,
345 1560 31 30 &
383 1559 122 35 quelques
506 1559 94 37 gâtées
606 1559 204 37 qu'ellesfiaient,
811 1559 57 27 elles
872 1559 31 37 fe
909 1559 226 39 confierventfans
1144 1564 109 25 tomber.
1261 1564 30 26 cV
1300 1572 52 18 cm«
1359 1564 54 27 écbe
1420 1552 26 35 û

46 1594 37 25 les
92 1599 89 24 autres
189 1605 31 19 ne
222 1597 28 38 fe
253 1598 110 38 gâtent,
373 1598 97 35 guérit
478 1598 34 26 les
522 1598 97 26 ulcères
633 1599 46 35 qui
687 1602 126 25 viennent
824 1599 64 26 dans
899 1598 21 27 le
928 1602 46 24 nés
983 1599 40 33 ,/a
1033 1599 128 34 bouche,le
1163 1611 9 15 s
1175 1602 120 35 gencive:
1307 1603 31 28 d?
1346 1612 14 15 a

46 1630 89 35 difjtpe
148 1632 128 31 l'humeur
289 1636 172 39 ficorbutique
472 1657 7 8 ,
497 1637 99 26 nettoie
612 1663 11 4 _.
644 1638 106 37 déterge
759 1638 32 25 les
800 1637 99 27 vieilles
904 1637 85 37 plaies
996 1639 120 34 réputées
1126 1639 145 26 incurable,
1287 1663 2 4 .
1303 1639 137 33 ejffailtn

48 1670 46 27 ber
103 1670 27 27 la
139 1675 70 26 carie
217 1676 41 26 des
267 1685 33 17 os.
358 1676 73 26 Pour
442 1676 26 26 la
477 1676 151 26 commodité
645 1677 32 25 du
696 1677 93 26 Public
804 1676 57 26 Elle
870 1676 84 27 donne
961 1677 61 26 avis
1037 1677 97 37 qu'elle
1142 1688 15 15 a
1166 1680 44 25 des
1226 1678 110 27 Boutom
1348 1683 91 24 comPm

44 1709 48 37 qui
107 1711 119 39 apaifent
246 1714 37 27 les
289 1715 130 34 fluxions
436 1715 21 28 é.
483 1723 80 18 maux
580 1715 31 27 de
626 1714 54 28 tête
691 1735 5 6 .
724 1716 32 28 &
778 1713 161 38 préfervent
954 1715 33 26 du
1013 1717 122 25 mauvais
1153 1717 45 26 air
1209 1728 7 20 ;
1241 1727 35 15 un
1300 1719 96 26 bouton
1407 1708 30 37 'Fi

38 1748 77 37 fuffit
133 1757 67 30 pour
219 1752 27 26 la
262 1754 44 25 vie
322 1754 78 26 d'une
420 1750 142 38 perfonne,
586 1754 59 26 Elle
660 1762 33 19 ne
711 1755 33 26 les
759 1755 74 25 vend
846 1763 50 26 que
911 1755 50 25 dix
974 1753 52 34 fols
1039 1774 6 7 .
1070 1754 45 27 elle
1130 1755 85 26 donne
1231 1754 64 38 auffi
1310 1768 50 17 une
1375 1746 60 43 poli

44 1789 51 33 qui
102 1788 115 28 blanchit
228 1791 31 27 les
270 1791 74 26 dents
354 1791 33 26 les
404 1791 57 34 plus
472 1793 93 26 noires.
588 1791 58 28 Elle
657 1792 90 40 guérit
765 1800 63 20 avec
846 1800 52 20 une
909 1793 58 27 Eau
987 1792 32 28 >es
1033 1794 119 26 Dartres
1169 1794 78 26 vives
1265 1795 31 30 &•
1307 1794 107 39 fiarint*

43 1826 117 26 Routons
172 1847 6 12 ,
196 1830 133 35 Rougeurs
344 1848 7 12 ,
371 1834 81 20 toutes
469 1830 35 27 les
521 1831 92 26 Taches
632 1833 30 26 6*
680 1831 137 34 Rmffeurs
831 1831 65 37 fans
915 1839 104 20 retour.
1069 1831 102 37 Lefdits
1183 1833 117 27 remèdes
1312 1833 31 38 fe
1359 1826 58 39 gai*

44 1872 64 20 tant
124 1873 48 26 que
185 1867 53 25 l'en
255 1874 61 20 veut
328 1869 31 30 &
367 1872 111 22 peuvent
494 1867 26 33 fe
536 1867 170 37 tranfporter
720 1878 51 27 par
788 1877 59 21 tout
896 1870 47 27 Les
951 1878 115 27 pauvres
1074 1878 162 20 trouveront
1244 1872 33 26 du
1292 1870 125 39 foulage*

44 1905 57 27 cbés
116 1903 45 28 elle
176 1911 57 21 tous
248 1907 154 27 lesùundis.
446 1905 103 28 Madle.
563 1909 30 25 de
609 1906 77 30 Rezé
700 1911 119 26 demeure
829 1909 15 26 à
857 1907 76 28 Paris
948 1918 47 19 rue
1013 1911 30 26 de
1059 1911 27 26 la
1097 1911 136 26 Comédie,
1254 1911 56 26 chés
1326 1920 37 17 tin

43 1945 91 26 tierau
145 1942 99 38 fécond
257 1954 59 30 apai
327 1951 106 22 tentent.
474 1944 44 26 On
536 1944 26 26 la
576 1951 98 24 trouve
689 1955 58 21 tous
764 1949 34 27 les
807 1948 78 35 jours
894 1946 107 38 ju/ques
1011 1946 15 30 à
1049 1957 11 26 $
1077 1949 89 27 heures
1181 1950 33 26 du
1224 1948 76 38 foir,
1317 1943 98 40 excèp«

44 1983 168 27 Dimanches.

85 2022 43 26 On
152 2022 105 27 venlra
283 2022 124 28 Mécredi
433 2034 44 24 17.
504 2022 102 38 Juillet
631 2022 18 27 à
671 2026 26 27 la
723 2027 69 27 Haie
817 2026 53 28 chés
901 2024 104 31 Adrien
1026 2027 156 37 Moetjcns,
1205 2027 35 30 ks
1266 2028 86 30 livres
1377 2024 27 27 de

41 2060 131 27 'Théodore
189 2069 56 18 van
262 2061 53 26 Eck
331 2063 30 25 de
379 2062 145 27 Pantalion
537 2083 6 9 ,
570 2062 131 37 Seigneur
726 2067 30 25 de
777 2066 86 26 Gbent
885 2067 22 28 <£.
943 2066 148 30 d'ErteCum
1102 2086 6 13 ,
1136 2069 102 26 Député
1264 2068 17 27 à
1306 2061 104 43 i'Affl*\

41 2098 32 25 de
91 2100 81 26 Leurs
188 2100 102 26 Hautes
309 2100 148 31 Puiljanccs
469 2120 9 13 ,
497 2100 139 39 conjiflant
654 2111 31 17 en
702 2109 73 20 toute
787 2104 77 35 forte
882 2106 27 24 de
928 2105 124 28 Facultés
1069 2107 78 27 &de
1166 2107 105 35 langue!
1326 2107 45 25 fes
1385 2093 39 33 C*i

41 2133 86 35 lègues
149 2137 28 34 fe
201 2145 128 20 trouvent
347 2139 15 26 à
381 2139 171 37 Amfltrdam
569 2141 59 27 cbés
647 2140 117 33 Bruilel,
794 2143 70 26 Dort
880 2144 86 28 Goris
979 2163 7 12 ,
1009 2145 157 26 Rotterdam
1187 2143 105 30 Frrfch
1310 2148 27 24 Se
1358 2128 66 41 V>cs'

40 2170 79 28 Letde
135 2174 188 34 Luchtmans,
345 2178 76 33 Dtlft
441 2180 119 26 Beeman
573 2198 6 13 ,
600 2181 130 27 Haarlem
746 2191 58 18 van
822 2179 107 34 Kcflèl,
948 2183 107 25 Utrecbt
1076 2185 89 26 vande
1182 2185 106 27 Water.

91 2211 26 27 A
133 2211 163 32 Rotterdam
308 2235 9 14 ,
330 2225 48 28 par
396 2216 25 28 la
439 2218 87 26 Veuve
543 2219 30 25 de
589 2219 80 27 Saint
707 2223 56 25 hin
803 2222 34 27 Et
855 2218 25 32 fe
888 2218 119 31 vendent
1017 2218 64 32 chés
1108 2223 125 26 Ibraham
1254 2222 86 28 Acher
1359 2209 66 48 pr^j

181 2249 34 31 de
230 2250 27 30 la
275 2254 118 30 Bourfe:
413 2256 69 30 Ala
500 2257 73 28 Haie
589 2256 65 32 chés
671 2258 28 31 la
716 2261 89 28 Veuve
820 2258 139 40 Uytvierff
967 2257 64 41 près
1049 2258 33 31 de
1100 2261 28 28 la
1144 2262 99 32 Cour,
1266 2263 53 28 Sec,
