1446 3542
366 78 776 54 SUPLEMENT

65 279 133 46 SUivant
217 279 57 46 les
293 279 152 46 derniers
464 279 77 46 avis
560 279 38 46 de
617 279 133 46 Suiffe,
769 279 38 46 le
826 279 115 46 projer
959 279 115 46 dreffé
1093 279 19 46 á
1130 279 96 46 Arrao
1245 279 133 46 n'éroit

208 332 51 32 pas
280 335 111 24 encore
417 331 107 31 ratifié.
567 332 60 33 Les
651 334 133 39 Députés
806 338 52 31 des
874 339 139 32 Cantons
1030 341 198 39 Catholiques
1247 334 131 40 infiftent

208 370 102 30 iurun
333 379 139 22 nouveau
489 373 99 35 délai,
611 377 31 28 Se
661 376 193 34 demandent
872 383 93 39 qu'on
990 384 145 41 prolonge
1160 384 27 31 la
1211 379 168 41 fufpenfion

204 410 19 26 d
241 417 117 28 armes,
380 412 175 33 s'exeufant
570 415 35 31 de
631 416 119 33 n'avoir
767 428 40 33 pu
828 423 138 31 recevoir
990 428 77 28 leurs
1089 423 195 34 inftrucîions
1304 425 74 31 dans

78 482 38 22 d*
169 487 15 18 r
233 490 4 14 ,
257 458 100 46 lcmJ*
381 452 115 32 ,imité:
520 456 83 31 Mais
626 456 45 33 les
693 458 138 32 Cantons
853 462 37 30 de
913 463 80 32 Bern
1016 468 32 28 Se
1068 469 37 28 de
1126 469 111 35 Zung,
1258 463 27 32 fc
1309 464 53 32 fon-

78 493 77 25 dant
169 493 46 26 lur
231 493 27 28 la
275 493 103 32 îuftice
396 496 37 30 de
448 496 66 30 leur
528 497 106 37 caufe,
658 508 54 21 ont
728 500 57 31 fait
804 503 163 31 connoitre
994 515 57 20 aux
1069 508 198 35 Catholiques
1285 508 93 35 qu'ils

74 534 43 21 rie
135 537 169 31 pouvoient
320 535 130 32 acorder
464 537 118 31 d'autre
600 540 100 35 délai,
720 542 31 30 Se
767 550 59 32 que
841 541 19 31 fi
879 553 48 21 ces
945 544 139 33 derniers
1102 560 37 20 ne
1154 553 156 28 vouloient
1326 559 52 31 pas

244 576 155 39 cathegon
406 588 56 31 que
469 589 92 21 ment
580 580 17 31 à
613 581 79 31 leurs
707 582 217 43 propofitions,
946 596 39 19 on
1004 596 35 20 ne
1058 591 105 30 devoit
1181 602 50 25 pas
1250 592 129 35 prendre

74 615 41 22 en
133 615 155 31 inanvaifo
305 626 66 32 part
392 619 18 30 fi
432 620 44 32 les
491 620 145 32 hoftilités
659 627 291 41 rteommençoient
970 627 85 40 après
1076 639 57 30 que
1159 634 27 27 la
1211 631 168 39 fufpenfion

72 657 21 22 o
109 660 100 25 armes
224 657 63 37 fera
305 659 135 39 expirée.
482 661 86 32 Ainfi
592 664 61 32 l'on
678 674 89 24 verra
787 667 73 33 dans
882 679 57 32 peu
960 672 37 30 de
1011 669 81 43 jours
1107 674 69 37 quel
1191 680 80 21 tram
1289 685 8 14 1
1310 684 52 21 ren-

74 693 94 32 dront
182 697 44 31 les
242 697 120 33 affaires
378 710 38 21 en
435 712 35 24 ce
489 704 122 40 pais-là.

111 735 63 33 Les
190 742 120 30 armées
325 742 224 43 d'Allemagne
566 748 89 31 n'ont
669 757 52 32 pas
735 750 116 43 changé
866 754 35 32 de
918 752 152 35 fituation.
1113 756 90 34 Celle
1224 756 37 33 de
1277 756 100 32 l'Em-

67 782 77 59 Sn«
151 788 51 20 CCO
200 820 14 18 r
659 794 58 47 V&
741 793 80 31 celle
841 795 54 31 tks
918 800 144 32 ennemis
1084 801 136 31 derrière
1246 802 78 28 leurs
1341 800 26 31 li-

66 826 87 30 gnes.
198 823 44 30 Le
260 823 70 31 Duc
345 824 37 31 de
404 826 214 44 Wirtcmberg
634 841 14 19 a
666 829 57 32 fait
746 834 193 40 reprefenter
964 839 15 31 à
1002 841 27 28 la
1045 841 94 31 Diète
1154 841 38 31 de
1212 842 146 32 Rathbon-

66 867 110 57 ri^i
215 873 37 51 -P.
366 876 8 19 S
391 867 52 31 Mc
445 909 5 14 t
450 868 103 32 mbrC!
567 873 39 28 dc
627 873 150 41 empire
794 876 87 30 n'ont
899 880 89 38 point
1003 892 113 21 encore
1135 880 71 43 paie
1222 885 65 30 leur
1304 896 57 20 con-

66 906 124 35 tingent
210 913 18 20 a
246 906 28 30 la
287 906 91 33 caiffe
397 909 167 32 militaire:
587 912 26 31 Il
628 912 131 34 follicite
784 918 44 32 les
850 925 74 24 trois
940 919 144 43 Collèges
1100 925 37 31 de
1154 921 78 33 faire
1245 932 39 21 en
1302 928 77 31 forte

65 950 43 54 T
110 951 17 20 C
142 952 38 50 fl
191 953 17 20 c
210 956 165 31 °n»ugent
391 950 57 31 foit
463 952 237 34 inccfïamment
716 957 84 39 paie,
821 959 15 31 à
853 958 81 33 faute
950 961 112 39 dequo,
1078 965 22 30 il
1115 965 76 31 étoit
1206 973 15 20 a
1237 965 142 35 craindre

65 991 41 53 3?
255 997 39 47 Cr
317 999 28 35 C-
350 991 8 30 l
363 991 142 53 uLmplrc
526 1004 35 21 ne
579 996 161 33 dcn^lirât
752 1000 76 31 dans
842 999 175 34 l'inaction.
1059 1003 47 33 Le
1123 1015 45 21 ie.
1189 1007 28 30 le
1235 1004 143 35 Miniftre

65 1030 39 21 ce
120 1030 100 25 èHiedc
236 1030 17 25 à
272 1030 195 30 Ratisbonne
485 1041 85 31 reçut
587 1043 39 18 un
643 1036 119 35 Exprès
774 1042 135 33 depeché
924 1043 38 24 de
979 1043 125 27 Vienne
1121 1055 53 25 par
1193 1048 59 24 Mr.
1270 1043 91 31 Srern-

65 1067 102 34 hoek,
190 1067 47 30 fur
254 1076 72 32 quoi
343 1069 27 33 Je
386 1069 84 33 bruit
487 1069 28 34 fe
533 1072 137 43 répandit
685 1083 58 32 que
761 1075 28 33 le
807 1076 61 33 Roi
883 1077 38 34 de
938 1077 99 35 Suéde
1054 1082 76 32 étoit
1147 1094 79 27 parti
1240 1084 38 33 dc
1299 1083 60 37 Ben-

65 1108 65 30 der.
154 1108 83 31 Mais
249 1110 19 27 d
283 1120 100 22 autres
398 1113 65 30 avis
482 1113 131 32 affurent
632 1126 58 30 que
704 1128 37 20 cc
758 1119 115 31 Prince
888 1129 20 30 y
927 1121 112 32 reftera
1055 1134 116 24 encore
1185 1136 35 22 cc
1239 1122 139 41 mois-ci

250 1153 89 30 buite
354 1153 53 31 des
424 1155 158 31 riouvclles
599 1156 38 31 de
653 1157 141 33 Londres
808 1161 39 30 du
867 1169 44 24 19.
932 1161 37 31 de
985 1173 37 20 ce
1037 1165 91 30 mois.

102 1211 35 34 3è>
146 1188 97 57 Pari
243 1200 17 40 C-
262 1201 12 20 S
294 1193 106 32 lct:res
478 1206 39 19 on
541 1206 52 33 re?
596 1207 30 20 ur
650 1208 93 21 avant
764 1200 66 32 hier
850 1201 37 32 de
908 1201 321 44 Holîandeonaprit,
1252 1219 58 26 que
1333 1212 45 32 les

65 1251 24 15 „
111 1233 89 28 Etats
216 1233 163 32 Généraux
397 1245 56 21 ont
469 1238 120 31 déclaré
605 1238 15 31 à
637 1250 52 21 nos
705 1240 175 35 Miniftres,
900 1244 94 40 qu'ils
1011 1256 37 21 ne
1065 1247 167 40 pouvoient
1250 1252 129 31 acorder

65 1292 21 15 „
110 1274 27 27 la
157 1274 170 38 lufpenfion
352 1277 151 37 d'armes,
526 1278 66 32 fans
614 1280 28 31 le
665 1281 237 33 confentement
925 1285 38 32 de
984 1286 206 43 l'Empereur
1206 1292 32 30 Se
1254 1292 52 31 des
1324 1303 40 20 au-

65 1333 22 15 „
110 1322 60 22 très
187 1315 116 35 Alliés,
326 1326 38 22 ce
380 1319 96 39 qu'on
493 1322 126 39 regarde
633 1332 126 24 comme
783 1335 40 21 un
846 1325 133 32 honnête
997 1328 91 32 refus.
1129 1330 188 39 Cependant
1337 1346 40 20 on

65 1375 22 14 „
107 1363 81 22 croit
202 1358 240 37 généralement
456 1369 59 32 que
531 1363 26 28 la
574 1362 132 32 fermeté
720 1364 54 32 des
791 1367 99 30 Alliés
908 1377 38 21 ne
961 1367 64 33 fera
1043 1378 51 30 pas
1109 1371 136 38 changer
1263 1376 28 31 le
1307 1388 53 25 pro-

116 1406 13 48 l
129 1407 30 20 ei
187 1407 27 47 ê
229 1397 31 48 la,
275 1398 84 32 Cour
367 1422 11 14 '
402 1402 51 39 qui
469 1401 44 32 eft
527 1404 37 30 de
580 1402 76 33 faire
673 1406 28 31 la
717 1408 70 38 paix
801 1408 38 31 dc
854 1409 130 41 quelque
1009 1411 137 31 manière
1168 1422 58 26 que
1248 1424 35 21 cc
1307 1417 60 33 foit

65 1457 24 15 3,
112 1441 224 31 Lest-actions
353 1443 145 39 s'agitent
515 1443 65 40 plus
594 1455 58 31 que
669 1444 125 41 jamais,
816 1449 30 31 fe
859 1452 159 30 déchirant
1039 1454 61 31 l'un
1120 1454 112 31 l'autre
1252 1465 52 30 par
1322 1441 56 50 des'

65 1498 24 14 3,
111 1481 136 30 difeours
260 1482 32 30 &
312 1493 52 30 par
378 1483 52 31 des
442 1485 184 40 Imprimés:
638 1486 80 32 Mais
732 1488 81 31 enfin
831 1489 164 34 lcsTorris
1010 1505 53 20 ont
1082 1496 27 30 le
1123 1493 96 34 deffus
1235 1506 37 19 en
1290 1506 87 25 toute

65 1539 25 15 „
110 1522 131 30 ocafion.
261 1522 53 31 On
332 1534 146 24 continue
495 1530 17 27 à
527 1526 69 32 ôter
613 1530 41 28 les
669 1530 125 41 charges
810 1540 58 21 aux
879 1531 109 40 Whtgs
1002 1544 77 31 pour
1095 1547 37 20 en
1153 1537 113 33 revêtir
1280 1548 77 21 ceux-

65 1561 89 35 -là,
176 1564 32 31 Se
223 1563 22 31 il
260 1564 43 31 eft
319 1566 118 31 certain
454 1569 154 38 qu'aucun
626 1571 91 40 Whig
735 1583 37 21 ne
789 1572 111 33 reftera
915 1572 76 33 dans
1012 1576 168 41 l'Emploi,
1205 1591 34 27 pa
1245 1594 6 7 -
1271 1580 105 32 même

65 1622 21 15 „
107 1604 74 31 dans
201 1604 41 32 les
257 1605 125 41 charges
397 1605 41 33 où
458 1610 61 30 l'on
543 1618 89 24 entre
648 1622 52 31 par
717 1612 135 33 élection
865 1626 7 19 :
894 1617 53 31 On
965 1626 39 22 en
1019 1615 69 45 juge
1109 1629 52 30 par
1181 1624 77 27 celL
1278 1632 48 28 qui
1345 1623 30 33 fe

65 1664 22 14 „
110 1648 32 26 ht
157 1648 21 27 il
204 1655 19 30 y
247 1656 15 20 a
287 1649 146 39 quelques
456 1661 80 28 jours
560 1651 38 31 de
614 1662 38 26 27
666 1654 168 37 Gardiens,
855 1668 41 20 ou
911 1659 219 33 Gouverneurs
1147 1662 39 32 de
1207 1662 30 31 la
1252 1662 104 39 Corpo-

65 1704 24 17 «
111 1695 100 21 ration
231 1689 37 28 dc
287 1689 196 38 Colchefter,
506 1702 52 20 car
574 1702 66 22 tous
656 1694 64 31 font
738 1695 39 31 du
795 1696 85 31 Parti
896 1700 119 27 Torris.
1374 1703 4 5 '

270 1736 52 22 Du
338 1736 89 32 Camp
442 1736 33 25 de
491 1736 138 27 Marolles
644 1736 103 30 devant
768 1737 155 31 Landrecis
935 1741 25 27 le
972 1741 60 27 21.
1045 1742 113 26 Juillet.

84 1808 7 6 ■
169 1778 44 46 *?.'
235 1780 37 20 au
288 1781 99 21 matin
404 1778 60 26 Mr.
482 1778 137 34 Vegelin
633 1778 257 41 dcClaarbergcn
906 1782 99 30 arriva
1022 1786 40 27 ici
1077 1788 32 27 Se
1126 1787 63 37 prit
1205 1788 50 31 fon
1265 1792 84 32 Quar-

66 1817 61 24 tier
143 1820 15 19 a
177 1812 159 32 Maralles.
360 1813 130 43 L'après
508 1817 76 30 midi
600 1818 26 31 le
640 1818 161 39 Brigadier
817 1821 27 31 Y
849 1820 51 33 fiel
919 1824 99 32 arriva
1036 1834 38 22 au
1089 1825 104 40 Camp
1209 1840 74 22 avec
1302 1831 57 32 l'ar-

65 1858 20 48 î.
110 1891 6 15 i
138 1859 100 47 r^'J?
295 1853 44 32 cft
353 1857 109 40 campd
477 1865 89 22 entre
583 1867 35 22 cc
635 1859 69 31 villa
710 1871 34 28 Re
758 1861 78 31 &la
857 1865 43 31 vil
906 1864 35 32 e-
965 1865 46 33 Le
1025 1867 64 31 foir
1106 1869 27 31 le
1149 1867 112 34 Prince
1271 1874 81 31 d'An-

65 1894 66 27 halt
146 1894 112 30 Deffau
279 1904 60 30 prit
361 1898 69 30 aufli
454 1897 51 32 fon
521 1899 158 40 logement
696 1902 73 31 dans
782 1912 81 24 cette
882 1905 135 32 Abbaïe.
1063 1909 45 32 La
1133 1920 67 21 nuit
1221 1922 39 22 un
1278 1911 76 34 Lieu-

67 1941 72 51 ,£n?
144 1944 33 47 W
194 1955 21 37 \
219 1944 35 47 rA
255 1946 39 32 n<*
295 1948 44 20 ms
354 1937 30 32 fe
398 1948 66 21 Vlnt
481 1941 110 31 rendre
607 1951 14 21 a
639 1951 73 22 nous
720 1965 9 13 '
750 1944 32 31 &
804 1943 137 35 inf°rma
965 1958 33 22 ce
1016 1949 113 34 Prince
1146 1962 57 30 que
1219 1954 27 33 le
1267 1956 85 32 Maré-

63 1978 67 27 chal
146 1978 38 30 de
202 1978 117 30 Villars
333 1989 86 21 aïant
438 1981 149 40 décampé
607 1982 53 33 des
679 1983 146 34 environs
844 1989 37 30 de
900 1989 151 32 Cambrai
1076 2002 71 20 avec
1173 1991 52 33 fon
1247 1998 123 33 armée,

63 2024 79 21 cto.t
155 2027 39 21 en
213 2020 99 37 pleine
331 2021 125 32 marche
474 2033 74 30 pour
563 2023 105 33 tâcher
681 2027 37 31 dc
741 2027 181 41 furprendre
945 2042 87 20 notre
1054 2034 112 39 Camp.
1213 2034 159 37 Là-.leffis

66 2061 66 27 bon
156 2061 66 28 Ait.
240 2061 33 28 fit
289 2062 161 31 redoubler
477 2063 28 32 le
528 2066 131 32 nombre
674 2067 35 32 dc
725 2070 195 33 travailleurs
935 2083 58 21 aux
1010 2074 98 39 lignes
1121 2076 39 31 de
1175 2079 180 33 circonvala-

66 2106 70 22 tion
152 2109 52 31 qui
221 2100 105 33 furent
341 2102 247 41 perfectionnées
601 2117 38 22 en
658 2118 56 31 peu
729 2111 37 31 de
783 2120 111 33 temps.
938 2113 44 32 Le
1000 2125 46 20 20.
1062 2118 14 27 à
1095 2125 12 31 3
1128 2118 107 33 heures
1250 2121 38 30 du
1306 2132 45 21 ma-

65 2148 51 21 tin
131 2140 28 32 le
180 2141 111 33 Prince
305 2145 198 33 d'Anhaltôt
521 2145 27 33 le
566 2147 112 34 Prince
700 2152 37 32 de
755 2151 142 34 Holftein
914 2156 85 38 B^k
1024 2160 176 30 montèrent
1224 2164 15 27 à
1263 2163 110 34 cheval

63 2191 80 31 pour
157 2185 77 30 aller
250 2196 196 22 reconnoitrc
465 2190 43 30 les
521 2191 144 32 ennemis
679 2193 32 30 &
729 2204 112 22 mettre
855 2198 93 30 ordre
971 2198 15 31 à
1003 2207 80 22 tout:
1109 2200 80 31 Mais
1209 2212 40 20 on
1266 2215 38 21 ne
1319 2206 35 30 dé-

65 2233 120 21 couvrit
206 2226 38 30 de
265 2236 35 24 ce
321 2228 116 32 côté-ci
457 2230 94 40 qu'un
576 2232 79 39 petit
677 2235 131 33 nombre
828 2236 38 33 de
888 2238 80 31 leurs
990 2239 161 32 efeadron*
1168 2244 32 28 Se
1222 2248 150 33 quelques

65 2269 129 27 Huflars
208 2289 8 13 ,
246 2276 52 31 qui
319 2271 255 32 commencèrent
596 2275 15 27 à
633 2272 236 37 efearmoucher
894 2289 73 22 avec
998 2291 52 20 nos
1075 2282 117 33 Gardes
1214 2290 149 30 avancées

66 2311 188 35 Cependant
270 2311 27 28 le
314 2311 112 32 Prince
442 2311 125 41 Eugène
585 2314 33 31 fit
632 2315 105 32 brider
752 2328 84 20 toute
855 2321 26 30 la
895 2330 74 21 cava
985 2323 65 31 cric
1063 2324 39 31 de
1119 2326 126 31 l'armée
1253 2328 32 31 &
1302 2339 47 21 em-

63 2356 152 32 paqueter
231 2349 43 31 les
294 2350 145 43 bagages,
461 2355 32 31 Se
509 2354 20 31 il
548 2354 30 32 fe
595 2356 99 31 rendit
717 2357 17 31 à
751 2359 188 33 l'extrémité
954 2362 38 31 dc
1007 2363 28 30 la
1050 2366 117 37 gauche
1182 2367 51 35 qui
1252 2369 119 33 s'étend

167 2399 107 32 auprès
288 2393 52 31 des
356 2401 124 33 troupes
495 2395 40 31 du
549 2395 86 41 fiége.
677 2399 105 33 Celles
802 2404 38 30 dc
863 2402 30 31 la
914 2404 100 32 droite
1037 2405 149 35 paflerent
1211 2408 69 31 aufli
1302 2412 15 28 à
1342 2412 31 33 la

63 2432 116 38 gauche
194 2440 76 32 pour
288 2432 28 33 la
332 2433 158 33 renforcer
508 2437 37 31 de
560 2447 37 21 ce
612 2438 132 37 côté-là,
758 2444 32 27 Se
808 2445 44 27 les
867 2445 163 30 Généraux
1045 2448 234 33 s'abouchèrent
1294 2464 77 22 pour

63 2474 191 48 prendrejes
269 2474 135 34 mefurcs
418 2476 181 34 néceffaires
613 2479 58 31 afin
687 2480 37 32 de
739 2481 72 33 bien
829 2485 142 32 recevoir
993 2484 44 33 les
1057 2490 158 34 ennemis,
1233 2502 39 19 ou
1294 2503 77 25 pour

65 2515 79 28 aller
161 2523 104 22 même
291 2526 15 20 a
322 2517 65 32 leur
410 2528 177 25 rencontre.
627 2520 129 44 L'après
783 2526 77 31 midi
886 2526 46 30 for
956 2528 43 31 les
1019 2536 20 27 4
1058 2530 107 32 heures
1187 2542 39 20 on
1252 2543 32 21 ut
1305 2536 66 32 avis

67 2563 122 21 certain
209 2565 59 31 que
292 2559 40 30 le<
351 2559 149 43 François
521 2571 125 24 avoient
665 2565 124 31 marché
810 2565 40 31 du
870 2568 72 32 côté
965 2569 37 32 de
1017 2569 45 33 St.
1077 2570 129 38 Piéton,
1227 2575 33 31 Se
1278 2576 93 32 qu'ils

65 2604 182 30 campo.ent
263 2596 28 33 le
307 2598 72 43 long
394 2601 37 31 dc
450 2602 25 31 la
489 2600 104 40 Selle,
615 2604 141 40 publiant
770 2608 92 39 qu'ils
885 2621 73 20 nous
974 2611 167 32 viendront
1156 2623 141 28 attaquer
1312 2628 38 20 au-

65 2640 155 37 purdhui.
263 2640 81 31 Pour
360 2652 18 20 n
396 2642 65 32 être
482 2654 52 31 pas
554 2644 122 32 harcelé
700 2657 54 31 par
774 2649 38 31 dc
834 2650 206 33 continuelles
1062 2654 162 38 allarmes,
1245 2660 31 27 Se
1293 2668 60 25 pou-

64 2687 69 21 voir
154 2688 164 24 continuer
339 2681 27 31 le
387 2681 76 43 fiége
487 2685 38 32 de
543 2686 185 39 Landrccis,
750 2689 28 31 le
796 2691 113 33 Prince
926 2692 124 40 Eugène
1069 2696 139 31 ordonna
1232 2699 139 34 d'élever

65 2728 41 20 un
125 2722 253 32 retranchement
392 2725 15 28 à
428 2726 27 28 la
471 2725 61 33 tête
547 2727 37 31 de
601 2728 83 31 l'aile
700 2731 133 39 gauche,
855 2734 32 31 8c
909 2734 27 31 le
965 2734 131 34 Général
1121 2738 94 38 Fagcl
1239 2748 19 27 y
1280 2752 15 19 a
1322 2743 48 30 été

63 2764 87 37 polte
165 2771 76 21 avec
259 2771 40 27 40
313 2764 181 38 bataillons,
516 2766 38 33 de
572 2769 79 33 forte
666 2780 59 30 que
742 2781 87 22 notre
854 2776 113 39 grande
984 2778 120 35 armée,
1128 2777 43 33 les
1188 2787 125 31 troupes
1326 2784 43 30 du

65 2806 77 37 iiege
156 2806 33 27 Se
207 2815 53 19 nos
279 2815 89 31 ponts
384 2806 46 32 for
452 2809 27 31 la
495 2807 131 34 Sambre
651 2810 66 33 font
739 2812 17 31 à
781 2824 136 22 couvert.
958 2817 54 32 On
1033 2817 144 43 délogera
1201 2822 150 33 inceffam-

64 2852 90 21 ment
169 2846 43 28 ks
223 2856 143 22 ennemis
379 2849 38 31 de
436 2851 148 40 quelques
599 2851 96 41 poftes
711 2856 145 38 avancés,
875 2857 59 32 afin
951 2869 58 28 que
1024 2859 41 32 les
1084 2859 183 34 Directeurs
1286 2867 66 35 pnif-

65 2889 67 26 lent
145 2895 11 20 s
172 2889 150 39 aprocher
338 2889 37 31 de
392 2889 27 32 la
437 2894 72 28 ville
526 2902 74 31 pour
615 2896 198 32 reconnoître
829 2898 27 31 le
874 2901 131 35 terrain,
1026 2902 33 31 Se
1081 2901 77 33 faire
1180 2903 44 31 les
1245 2906 107 32 difoofi-

65 2934 84 24 tions
164 2928 178 33 necefiaires
359 2941 77 30 pour
451 2933 188 33 l'ouverture
652 2935 39 32 dc
709 2936 27 31 la
758 2941 162 35 tranchée,
943 2942 51 38 qui
1017 2941 30 32 fc
1069 2942 63 33 fora
1154 2944 73 33 dans
1250 2956 18 21 2
1286 2957 40 20 ou
1350 2955 19 22 *

66 2976 93 31 jours.
202 2970 26 28 Il
246 2980 20 30 y
280 2980 15 21 a
313 2981 39 21 ici
367 2972 52 32 des
437 2970 155 44 fourrages
607 2986 53 32 par
674 2979 94 31 définis
788 2981 28 31 la
831 2980 77 38 tête,
932 2983 118 39 chaque
1069 2987 137 31 cavalier
1226 2999 38 20 en
1278 2986 91 39 aïant

69 3019 69 31 près
150 3012 39 30 de
208 3012 27 28 fa
254 3020 84 25 tente
356 3024 76 31 pour
456 3015 64 40 plus
542 3017 38 32 de
604 3020 18 27 6
643 3019 163 33 femaines.
867 3024 194 41 Aujourdhui
1084 3026 44 32 les
1147 3030 144 31 ennemis
1311 3043 58 22 ont

67 3054 118 38 change
202 3063 113 21 encore
332 3056 38 30 de
390 3054 150 33 fituation.
585 3058 80 33 Leur
684 3061 102 32 droite
808 3064 116 32 s'étend
948 3066 26 30 le
998 3067 71 38 long
1089 3066 118 37 d'Oifi,
1232 3070 117 35 Beaure-

70 3103 67 30 puis
150 3096 32 28 Se
198 3093 165 38 Nouvion,
384 3097 32 32 Se
432 3098 63 32 leur
511 3100 116 37 gauche
643 3111 37 21 au
691 3104 72 30 delà
777 3104 38 32 de
834 3105 340 33 Château-Cambrcfïs.
1213 3110 38 34 Ils
1265 3116 99 31 difent

66 3143 41 28 qu
124 3137 35 30 ils
176 3145 72 20 nous
265 3137 66 31 font
345 3148 113 22 encore
477 3141 161 32 inférieurs
658 3145 38 30 dc
715 3152 93 27 içoco
823 3148 158 37 hommes,
1004 3149 183 33 nonobft.nt
1211 3152 27 31 le
1261 3158 107 32 déparc

70 3178 54 27 des
137 3185 125 31 troupes
280 3178 181 40 Angloifes,
482 3182 14 30 à
513 3182 87 32 caufe
617 3184 51 31 des
681 3187 111 38 greffes
808 3189 156 39 gamifons
983 3190 87 37 qu'ils
1087 3189 66 34 font
1168 3195 117 33 obligé*
1298 3196 53 32 d'a-

71 3226 69 21 voir
155 3228 15 19 a
185 3220 113 34 Arras,
320 3229 17 20 a
356 3221 167 38 Cambrai,
540 3224 15 30 à
573 3223 248 40 Valencienncs,
842 3231 17 28 à
880 3229 165 32 Landrccis
1059 3234 30 30 Se
1104 3244 14 19 a
1139 3224 171 44 MaubeVe
1339 3235 30 34 II

71 3267 103 31 parait
189 3268 58 31 que
261 3260 66 31 leur
339 3260 115 33 deffem
468 3262 43 32 eft
534 3266 37 31 de
592 3267 123 31 couvrir
736 3279 83 21 cette
839 3272 139 31 dernière
1000 3275 104 37 place,
1128 3279 107 34 auquel
1258 3261 113 51 cas'ils

72 3308 77 22 nous
164 3301 287 33 abandonneraient
467 3306 149 32 Cambrai
632 3318 74 30 pour
720 3319 38 21 en
781 3311 77 31 faire
881 3312 27 33 le
932 3312 72 40 fiége
1026 3314 17 30 fi
1064 3326 41 21 on
1130 3319 26 30 le
1176 3326 69 30 juge
1260 3319 17 31 à
1294 3331 76 25 pro-

71 3350 21 31 P
96 3351 41 20 os-
170 3343 71 56 j'y
257 3352 17 21 a
291 3353 152 31 aparence
456 3347 93 41 qu'il»
576 3347 162 37 tâcheront
759 3352 38 32 de
822 3365 76 21 nous
919 3356 170 43 inquiéter,
1115 3358 65 33 fans
1193 3366 41 25 en
1248 3363 86 33 venir
1349 3367 22 27 à

77 3391 60 24 une
151 3383 105 34 affaire
273 3384 138 35 fericurc.
1349 3381 22 19 *

808 3436 115 28 Nnn
1335 3439 35 8 '-

148 174 48 40 A
215 177 41 41 la
276 176 180 47 Gazette
475 187 46 38 de
539 183 254 54 Rotterdam,
820 190 52 40 du
899 207 64 40 25*.
991 193 148 56 Juillet
1172 215 17 27 i
1194 211 24 39 7
1224 200 61 44 it;
