1530 2288
57 60 26 28 &
102 59 34 31 de
156 58 100 32 Milan;
295 59 57 30 Son
370 58 103 32 Altefle
487 59 103 32 Roïale
605 72 14 19 a
637 63 94 31 ordon-

56 98 34 28 né
116 107 53 25 que
196 99 37 27 les
250 98 109 30 Gardes
374 98 99 30 Suifîcs
494 100 25 27 &
544 110 92 21 autres
656 100 93 31 feront

56 136 131 28 habillées
210 137 34 27 de
268 137 72 28 neuf
360 146 34 18 au
419 137 104 30 nouvel
541 141 56 26 An.
640 142 38 26 Le
705 150 44 27 13.

57 176 18 26 il
93 177 87 25 aniva
200 176 33 27 ici
249 184 35 19 un
296 176 103 33 Exprès
416 184 65 19 avec
498 176 47 28 des
561 176 136 34 dépêches
713 182 34 27 de

56 213 195 34 l'E'.npcreur,
272 215 39 26 iur
330 215 67 33 quoi
417 216 38 25 M.
474 215 26 27 le
519 217 64 26 Duc
601 215 30 28 fit
650 217 83 28 atfem-

61 253 60 27 bkr
142 252 198 33 kCo»fcil,&
358 252 18 27 il
393 261 12 19 a
424 253 44 27 été
485 254 117 27 renvoie
619 254 110 32 àFranc-

69 291 57 28 fott
142 300 65 19 avec
224 289 22 28 la
263 289 118 32 réponfe
399 292 12 27 à
430 288 38 30 fes
484 291 148 31 déjéches.

182 331 195 31 D'Augsbourg
396 331 24 25 le
437 339 44 22 17.
496 332 150 27 Décembre.

99 367 53 27 Les
167 366 139 28 dernières
324 367 94 27 lettres
435 367 33 28 de
487 370 131 35 Hongrie
633 378 115 28 portent

60 413 54 28 que
130 404 109 30 fuivant
255 404 40 28 les
311 405 58 28 avis
384 404 34 30 de
437 406 22 26 la
478 406 136 30 ftontiérc
631 410 100 27 deTur-

59 444 67 35 quie
148 463 7 13 ,
187 452 39 19 on
250 443 47 28 fait
330 444 13 27 à
366 444 239 38 Conftantinoplc
628 446 34 30 de
689 450 63 34 plus

57 483 103 35 grands
178 481 163 37 préparatifs
369 483 33 27 de
419 491 99 27 guerre
539 487 87 32 qu'on
647 494 38 21 ait
711 489 27 32 ja-

59 521 71 27 miis
146 529 69 25 vus,
243 522 25 26 Se
286 521 59 27 l'on
363 521 85 27 allutc
465 522 104 30 qu'elle
587 531 31 19 va
638 533 94 20 recom-

58 568 112 18 mencer
194 568 65 19 avec
285 557 38 30 les
344 561 167 26 Vtofcovites
534 570 33 18 en
593 561 96 28 faveur
713 563 37 28 du

57 596 56 30 Roi
135 598 32 27 de
183 596 102 28 Suéde.
326 598 65 34 Que
415 598 26 28 le
457 599 94 27 Grand
572 600 72 27 Vilir
669 611 12 18 a
705 605 43 25 été

57 635 128 37 étranglé
207 637 24 26 &
259 635 38 28 fes
321 635 79 28 biens
423 635 161 34 confilqués
601 647 71 26 pour
690 641 46 26 n'a-

57 676 63 24 voir
133 684 45 25 pas
195 683 34 18 en
246 673 154 28 concluant
418 673 24 27 la
463 685 61 25 paix
543 685 61 18 avec
628 674 22 30 le
663 680 86 32 Czir,

57 712 83 37 exigé
165 712 34 27 de
223 720 30 19 ce
280 713 97 26 Prince
405 712 38 27 les
467 722 150 30 avantages
633 718 47 31 qui
699 718 35 26 dé-

57 752 100 25 voient
174 750 58 27 être
250 752 132 31 procurés
397 751 12 27 à
423 752 32 26 Sa
477 752 110 31 MajeJté
605 756 145 33 Surdoife,

56 796 34 19 vu
112 788 22 27 la
161 787 74 28 trille
249 788 133 27 fituation
400 789 38 27 où
457 789 24 27 fe
497 800 125 19 trouvoit
637 794 112 27 l'armée

57 826 169 28 Mofcovitc.
268 829 131 25 D'antres
422 830 183 31 avudifent,
631 841 53 26 que
709 841 43 20 ces

61 865 164 35 préparatifs
244 865 146 37 regardent
412 868 35 25 les
462 868 169 32 Vénitiens,
650 872 24 25 Si
696 880 56 26 que

58 902 25 28 Ja
102 906 80 25 Patte
204 904 22 27 fe
246 901 65 30 flue
330 904 32 28 de
386 904 69 28 faire
474 906 22 26 la
515 907 142 32 conquête-
673 907 27 26 dt
723 908 25 27 la

60 943 99 27 Moiée
174 940 65 28 auffi
259 940 162 31 facilement
438 943 106 35 qu'elle
561 953 14 19 a
594 946 99 28 vaincu
711 946 39 30 les

66 980 183 27 Mofcovitc».

159 1020 40 25 De
213 1018 159 28 Ratisbonne
383 1020 24 27 le
425 1031 43 22 17.
487 1022 156 28 Décambre.

100 1057 40 26 Le
159 1057 126 27 Minilire
305 1057 33 28 de
358 1062 129 24 Maicnce
513 1062 44 24 n'a
585 1070 46 25 pas
645 1070 103 20 encore

58 1102 65 26 reçu
149 1096 115 26 d'ordre
291 1096 33 26 de
343 1106 92 22 porter
461 1100 13 24 à
502 1097 24 26 la
552 1100 148 28 Dictature
724 1101 24 27 la

60 1133 81 28 lettre
165 1135 32 26 de
224 1134 22 27 la
273 1135 87 26 Reine
385 1135 33 26 de
441 1135 21 26 la
481 1136 112 27 Grande
612 1140 137 34 Bretagne

56 1170 14 28 à
89 1170 22 28 b
135 1172 103 33 Diète,
259 1172 139 28 touchant
422 1173 170 30 l'aflembléc
614 1176 35 26 du
670 1180 59 25 Con-

58 1209 63 37 grès
137 1219 71 26 pour
231 1209 22 27 la
274 1212 83 33 paix,
376 1213 26 26 &
415 1212 58 27 l'on
490 1221 34 19 ne
540 1213 72 28 croit
630 1224 46 25 pas
692 1225 56 26 que

57 1250 43 26 cet
116 1248 84 28 ordre
217 1248 100 28 vienne
337 1248 78 28 firôt.
436 1252 169 33 Cependant
624 1252 37 27 les
677 1256 54 26 Cer-

57 1286 54 28 cles
135 1286 33 27 de
190 1286 90 28 Suabe
305 1289 22 26 &
353 1287 34 28 de
406 1290 156 28 Franconic
587 1291 161 31 travaillent

56 1333 66 19 avec
142 1324 115 28 chaleur
279 1325 14 28 à
311 1325 73 28 leurs
405 1336 128 21 recrues,
559 1330 24 26 &
605 1329 14 28 à
644 1331 102 28 rendre

57 1363 77 28 leo'î
155 1374 113 22 troupes
285 1364 185 34 complettcs,
495 1365 57 28 afin
574 1368 33 27 de
624 1370 123 32 pouvoir

60 1402 87 35 pafler
170 1411 34 19 en
230 1410 84 19 revue
331 1403 69 27 dans
422 1402 25 30 le
465 1414 41 27 15.
524 1406 33 27 de
578 1408 81 27 Mars.
699 1410 47 27 On

59 1440 89 28 allure
177 1449 54 27 que
265 1441 172 37 l'Empereur
467 1452 14 18 a
513 1443 110 30 déclaré
645 1455 56 26 que
725 1448 22 27 la

58 1481 167 34 Campagne
247 1480 154 34 prochaine
410 1481 19 26 il
445 1480 57 30 fera
520 1483 58 37 agir
588 1483 61 35 plus
659 1485 32 28 de
711 1495 37 26 90

60 1518 79 28 mille
164 1518 129 28 hommes
311 1520 34 26 de
363 1519 39 27 fes
417 1528 116 27 troupes
548 1531 34 18 en
605 1521 143 40 Efpagne,

58 1565 35 19 en
109 1557 145 34 Italie,en
272 1557 165 37 Allemagne
454 1560 77 27 &en
542 1559 141 32 Flandres.
724 1564 25 27 Il

57 1593 26 30 k
100 1593 47 28 fait
167 1596 32 26 <le
222 1597 86 27 fortes
334 1598 90 26 levées
446 1605 34 19 en
497 1598 112 30 Baviéte
627 1611 70 26 pour
715 1604 32 27 Sa

61 1633 115 31 M3|etté
194 1633 172 35 Impériale,
386 1637 24 26 &
431 1635 59 28 l'on
507 1636 86 28 allure
611 1648 54 25 que
684 1642 52 26 l'ar-

59 1671 61 30 mée
131 1672 33 28 de
174 1671 132 37 l'Empire
324 1672 53 30 fera
393 1675 77 28 prête
488 1675 13 27 à
520 1681 233 27 entrerenCam»

60 1721 92 27 pagne
168 1721 84 19 avant
279 1711 24 28 la
324 1710 39 31 fin
381 1713 120 28 d'Avril.
546 1715 52 28 Les
622 1726 126 22 ennemis

57 1749 26 27 fe
107 1749 141 38 difpofent
272 1749 65 30 aufli
356 1753 13 25 à
389 1750 117 28 l'ouvrir
528 1754 34 27 de
579 1755 53 27 très
653 1756 94 30 bonne

58 1787 97 30 heute.
196 1789 38 26 Ils
250 1788 157 30 étab'iflent
423 1789 34 28 de
474 1800 65 26 gros
563 1794 185 34 migafinsrn

58 1826 117 33 Aifacc,
200 1828 26 26 &
249 1827 161 30 travaillent
428 1838 53 19 aux
507 1839 110 20 recrues
639 1834 24 25 &
686 1839 14 21 â
722 1837 26 26 la

59 1873 131 21 remonte
220 1865 34 30 de
280 1865 25 28 la
337 1866 137 30 cavalerie
500 1878 66 20 avec
599 1871 150 39 beaucoup

59 1903 142 30 d'ardeur.
253 1906 72 26 Pour
344 1905 43 28 cet
410 1904 65 30 effet
500 1907 32 27 ils
556 1907 131 31 achètent
709 1922 38 17 un

59 1943 89 37 grand
171 1944 120 27 nombre
317 1944 32 27 de
366 1944 128 28 chevaux
510 1956 35 18 en
561 1948 97 28 Suifle.
699 1952 45 25 On

58 1981 103 28 mande
176 1982 33 27 de
234 1991 31 18 ce
282 1982 57 34 pais
360 1982 46 34 là,
433 1993 54 27 que
514 1983 38 28 les
579 1987 167 30 manhands

58 2019 99 28 SuifTcs
174 2022 83 26 n'ont
279 2029 35 26 pu
333 2022 115 27 obtenir
470 2022 183 35 l'exemption
671 2027 35 27 de
722 2028 25 26 la

60 2060 107 26 Dixme
183 2059 122 33 Roïale,
320 2068 112 19 comme
448 2060 33 27 ils
495 2063 57 26 s'en
569 2063 106 28 éroient
694 2065 34 28 fit

61 2099 51 26 tés.
152 2099 53 26 Les
221 2098 144 28 Réformé»
383 2100 33 27 de
438 2098 24 28 la
481 2100 178 37 Principauté
676 2105 53 26 d'O-

60 2144 86 31 lange
162 2139 26 27 (e
210 2135 61 32 font
291 2147 72 30 pour
377 2138 25 28 la
419 2138 111 39 plupart
548 2141 106 31 écartés
677 2143 69 31 dans

789 66 27 32 Je
934 78 34 21 en
986 70 149 32 attendant
1160 70 136 34 I'ocafîon
1315 73 33 32 de
1370 73 25 32 fe
1411 65 38 38 reti-

790 117 43 20 rer
849 110 124 27 ailleurs.

902 150 40 26 De
957 150 149 27 Francfort
1124 150 22 27 le
1161 159 44 18 30.
1222 152 151 25 Décembre.

833 187 146 28 Vendfedi
997 187 111 28 dernier
1127 188 39 30 les
1191 191 67 26 trois
1274 190 141 30 Electeurs
1431 187 32 37 qui

791 221 60 31 font
868 234 34 18 en
919 234 71 20 cette
1007 226 65 28 ville
1088 235 84 20 urent
1192 228 136 27 audianre
1345 230 32 25 de
1394 230 70 25 l'Eu*

791 269 119 27 pereur,
937 265 24 26 &
983 263 24 28 le
1029 263 180 37 lendemain,
1232 267 39 27 Jes
1290 268 126 37 Députés
1433 267 43 27 de*

790 300 110 28 Princes
914 300 34 30 de
966 301 132 35 l'Empire
1115 304 119 30 allèrent
1250 306 65 27 aufli
1332 307 67 28 faire
1422 307 52 27 leu»

790 339 87 27 Cour.
927 340 91 27 Avint
1044 339 61 30 hier
1133 341 38 28 les
1193 343 76 35 Juifs
1289 344 87 28 'firent
1406 344 70 30 fcloll

790 374 60 30 leur
866 385 136 20 coutume
1020 389 38 18 un
1083 378 109 39 prefent
1212 391 12 18 3
1240 384 31 27 Sa
1293 384 113 33 Majefté
1422 385 37 26 Im-

793 413 122 37 périale,
932 416 154 28 confiftant
1100 426 35 20 en
1160 429 38 18 un
1221 420 60 28 vafe
1307 420 34 30 de
1364 413 117 38 vermeil

791 451 67 30 doré
885 454 94 35 pefant
1003 457 60 26 vint
1087 465 98 21 quatre
1209 468 87 20 marcs
1329 470 65 19 avec
1427 463 51 27 un*

790 493 105 28 fomm:
913 494 139 35 d'argent.
1096 496 70 26 Hi:r
1192 496 38 27 les
1256 500 69 26 ir.»i«
1342 500 137 28 EledeurJ

793 528 92 30 furent
904 533 94 26 traites
1016 541 45 26 par
1080 531 185 38 l'Empereur.
1304 540 64 26 Nos
1391 536 71 38 Migi-

791 568 79 28 tfrats
886 568 116 30 doivent
1022 581 33 15 au
1074 574 119 30 premier
1209 575 63 32 jour
1289 575 91 34 prêter
1398 562 98 53 hotn-j

791 615 80 27 mage
887 617 11 17 a
917 609 15 26 S
961 612 37 24 M.
1016 611 159 34 Impériale.
1219 613 39 27 Le
1277 617 98 26 Prince
1402 618 94 26 hére-1

791 646 98 26 ditaire
908 647 33 25 de
957 646 80 28 H.(Te
1055 648 89 28 C'flel
1161 648 37 30 cft
1218 653 70 33 parti
1310 648 170 39 aujourd'hui

790 691 70 27 pour
878 684 25 27 fe
918 689 100 24 rendre
1035 691 59 27 prés
1113 687 35 27 du
1170 691 145 34 Lnngrave
1342 691 45 28 fon
1407 697 77 24 IVre»

794 724 52 25 Les
862 732 91 18 autres
979 724 148 34 perfonnes
1153 726 33 28 de
1212 728 71 30 diftii
1298 731 76 26 chon
1400 736 69 22 rette-

790 769 63 20 ront
872 763 33 26 ici
924 762 125 35 |ufqu*ao
1068 763 98 33 départ
1183 765 34 27 de
1233 770 26 25 S.
1278 770 38 26 M.
1333 768 149 37 Impériale

793 809 46 22 qui
859 800 38 27 elt
915 798 53 30 fixé
987 810 31 18 au
1042 811 39 20 v.
1107 803 35 26 du
1161 815 70 17 mois
1250 809 148 31 prochain.
1441 811 39 25 Le

791 836 113 30 Confeil
924 839 123 33 Anliqiie'
1069 841 155 31 s'âfîemble
1243 854 63 19 tous
1333 848 37 26 les
1396 849 86 28 jours.

791 878 45 25 On
854 885 12 17 a
886 876 123 35 dépêché
1028 889 35 17 un
1081 882 104 32 Exprès
1201 892 32 17 au
1252 886 96 27 Prince
1367 887 115 35 Eugène

791 914 33 26 de
841 915 99 28 Sivoie
957 920 13 24 à
989 917 21 26 la
1032 920 80 26 Haie.
1130 921 45 26 On
1193 921 40 26 dit
1253 932 53 20 que
1325 924 63 28 c'eil
1407 930 72 32 pouf

790 951 24 28 le
836 952 100 35 prefler
951 953 34 28 de
1003 956 85 33 pafîer
1107 967 32 18 en
1159 959 176 30 Angleterre.

925 998 40 22 De
983 998 113 31 Cologne
1113 998 21 26 le
1153 1007 22 17 2.
1191 999 133 30 Janvier.

828 1039 91 19 Avant
937 1039 59 19 hier
1017 1039 17 20 il
1046 1044 18 26 y
1081 1045 14 17 U
1101 1045 7 15 t
1128 1039 33 24 ,ci
1183 1046 53 17 une
1256 1039 122 34 tempête
1390 1039 87 30 mêlée

789 1065 32 30 de
846 1077 135 21 tonnerre
998 1072 24 25 &
1042 1074 33 26 de
1094 1074 77 34 pluie
1188 1077 48 31 qui
1257 1087 9 15 a
1284 1080 79 26 caufé
1390 1080 71 28 beau-

790 1115 73 26 coup
892 1108 33 27 de
950 1109 150 39 dommage
1122 1122 34 18 en
1183 1114 136 34 plufic-urs
1342 1120 137 27 endroits.

794 1146 38 25 Le
854 1147 103 27 Comte
974 1149 76 27 Goes
1068 1159 102 20 venant
1187 1152 32 28 de
1245 1153 22 27 la
1287 1155 72 27 Haie
1376 1166 12 17 a
1407 1154 72 37 patTé

789 1181 13 28 à
826 1183 190 39 Dufleldorp,
1041 1198 71 22 pour
1134 1188 69 30 aller
1225 1200 60 20 vers
1304 1193 190 35 l'Empereur,

793 1220 46 28 fon
866 1222 99 30 Maître
983 1226 13 27 à
1017 1226 157 30 Francfort.
1217 1231 165 30 L'Elcéreur
1398 1234 65 28 Pala-

791 1260 40 27 tin
850 1271 15 26 y
887 1263 69 28 relie
972 1273 119 26 encore,
1109 1276 37 19 on
1165 1269 71 27 croit
1252 1279 56 21 que
1322 1272 64 27 c'eft
1404 1281 73 28 pour

789 1298 104 30 afltfter
911 1310 52 20 aux
979 1304 183 30 conférences
1186 1307 141 31 rouchant
1355 1310 39 28 les
1410 1323 50 25 pro-

791 1337 137 32 portions
944 1342 33 27 de
994 1344 73 32 paix.
1113 1344 52 27 Les
1188 1346 128 34 Députés
1335 1350 34 27 de
1394 1351 98 30 l'Ele-'

789 1376 74 27 éteur
881 1377 107 31 Palatin
1009 1383 22 26 Si
1058 1389 71 20 ceux
1152 1382 35 27 de
1205 1385 124 28 Munfter
1355 1388 61 31 font
1433 1398 31 21 at-

789 1415 103 27 tendus
913 1417 34 27 ici
970 1428 71 26 pour
1065 1420 178 32 l'Aflemblée
1269 1424 35 27 du
1324 1427 99 30 Cercle
1441 1428 35 30 de

789 1454 157 30 Wtflfalie.
989 1459 53 28 Les
1056 1461 77 26 Etats
1149 1461 34 27 de
1207 1472 30 17 ce
1258 1466 123 28 Diocéfe
1397 1468 80 30 aiant

789 1494 130 27 ordonné
944 1494 33 30 de
1002 1496 76 30 lever
1100 1498 72 28 deux
1200 1502 120 35 Simples
1344 1513 73 28 pour
1439 1507 39 27 les

789 1539 133 26 quartiers
940 1534 47 28 des
1010 1545 115 24 troupes
1142 1539 195 38 Prufliennes,
1355 1543 27 30 le
1398 1545 59 30 Cha-

789 1570 71 34 pitre
876 1572 124 32 procède
1018 1585 110 19 conrre.

973 1613 20 38 Du
993 1613 60 38 Camp
1063 1617 99 27 devant
1178 1618 170 39 Straalfund

1011 1655 24 26 le
1055 1661 44 22 26.
1113 1656 151 27 Décembre.

834 1687 53 28 Les
906 1696 57 21 avis
984 1689 38 31 les
1038 1691 61 35 plus
1122 1694 83 32 juftes
1221 1697 87 31 qu'on
1328 1701 89 33 reçoit
1433 1700 30 28 di-

788 1724 78 32 rent,
891 1735 53 26 que
970 1728 26 28 le
1017 1730 141 30 tranfnort
1180 1741 72 20 venu
1270 1735 33 28 de
1326 1739 90 30 Suéde
1440 1746 35 21 ne

787 1761 118 32 cbnfifle
931 1768 85 31 qu'en
1039 1780 73 26 4000
1139 1772 146 35 hommes,
1310 1775 71 30 dont
1400 1785 73 22 1000

785 1809 48 19 ont
852 1805 44 25 été
913 1807 50 25 mis
983 1807 69 30 dans
1069 1809 63 28 l'lle
1148 1812 34 27 de
1196 1813 119 37 Rugen,
1344 1818 69 28 &le
1433 1825 26 19 re-

787 1839 38 28 lie
841 1840 60 31 r/tfl
920 1845 53 32 ,eté
990 1846 250 33 d.in«Straalfund.
1281 1853 123 31 Auflïtôr
1420 1860 54 28 q»e

784 1878 37 27 le*
844 1881 164 30 Mofrov.tes
1024 1885 63 28 fous
1107 1887 20 27 la
1146 1891 133 27 conduite
1298 1893 35 26 du
1351 1887 123 35 Grnéral

784 1918 87 27 B-uer
891 1919 24 28 fe
933 1919 92 32 feront
1042 1925 136 34 aprochés
1193 1931 77 31 d'ici,
1286 1930 35 27 les
1338 1931 73 30 deux
1429 1938 30 19 ar-

783 1957 74 27 mées
880 1959 220 35 décamperont,
1133 1965 37 28 les
1199 1970 107 25 Danois
1328 1971 25 26 &
1372 1971 5 27 |
1382 1982 14 19 e
1414 1965 57 34 Roi

785 1995 57 27 leur
867 1996 98 32 Maître
989 2000 25 28 fe
1037 2003 149 31 retireront
1212 2015 32 19 au
1264 2009 132 30 Holflein
1409 2033 7 13 ,
1442 2008 26 27 &

782 2034 25 26 la
821 2034 138 32 cavalerie
974 2041 129 27 Saxonne
1120 2042 54 30 fera
1192 2050 129 32 partagée
1344 2049 69 30 dans
1431 2048 38 26 les

781 2074 115 33 villages
912 2074 47 30 des
976 2081 132 27 environ»
1133 2082 106 33 jufqu'à
1263 2087 102 28 Stetin.
1420 2088 46 26 On

781 2111 39 26 drt
836 2120 53 25 que
907 2122 30 18 ce
959 2117 215 33 décampement
1200 2121 25 27 fe
1250 2122 56 30 fera
1325 2126 24 28 le
1368 2138 32 24 19
1433 2126 33 25 de

780 2157 30 21 ce
826 2158 90 30 mois,
933 2154 25 28 Si
976 2159 123 35 qu'alors
1115 2159 39 31 les
1172 2163 169 32 Mofcovites
1356 2169 94 25 s'avan-

1365 2204 97 30 ceront
