1446 3542
373 67 757 51 SUPLEMENT

174 130 39 33 d
234 130 38 34 la
287 130 175 38 Gazette
474 131 43 34 de
526 130 248 45 Rotterdam,
800 137 47 30 du
870 144 59 27 u.
950 131 176 52 janvier
1159 150 110 33 \j\r.

41 193 43 27 Si
105 193 41 27 on
168 193 43 27 en
231 193 85 27 peut
338 193 128 27 crioie
487 193 64 27 les
572 193 85 27 avis
678 193 43 27 de
742 193 170 27 Brabant,
933 193 43 27 on
997 193 21 27 y
1039 193 106 27 avoit
1167 193 21 27 u
1209 193 170 27 nouvelle

220 227 33 31 de
432 227 139 41 que.Mr.
594 227 40 33 du
656 230 87 32 Carte
764 228 76 32 étoit
861 230 97 31 arrivé
986 241 35 20 au
1044 242 272 27 commencement
1335 240 43 31 do

103 288 9 15 »
220 268 181 33 î'-vembre
420 280 38 19 au
484 269 73 31 Fort
578 268 45 33 St.
646 272 107 33 Pierre
782 273 17 28 à
822 273 27 28 la
870 273 215 43 Martinique,
1117 274 83 45 après
1221 280 85 32 avoir
1326 280 48 32 été

105 304 91 41 V_^
219 311 28 31 b;
288 321 15 21 a
317 313 136 40 pendant
465 319 14 30 5
498 309 146 35 femaines
667 315 89 31 d'une
780 312 136 35 violente
939 319 156 39 tempête,
1116 319 51 43 qui
1187 320 105 33 l'avoir,
1315 322 61 31 mis

215 353 31 40 pi
259 353 97 38 ifieurs
371 353 57 32 fois
443 364 38 21 en
497 354 112 40 danger
630 356 38 33 de
683 358 87 41 périr.
810 358 67 41 Que
901 358 41 32 les
964 358 150 34 vaifTeaux
1135 361 115 33 étoient
1271 365 86 31 extrê-

100 391 136 58 mement
267 396 141 34 ./labres,
428 397 32 31 &
475 397 171 39 qu'auflltôt
669 399 91 41 qu'ils
780 399 132 32 leroient
934 402 161 39 radoubés,
1116 405 21 31 il
1161 407 171 30 remettroit
1354 406 19 31 à

102 431 12 24 l
115 446 13 14 *
142 436 78 32 voile
237 446 9 30 f
262 446 47 20 ->ur
326 436 100 31 Cadix
441 448 71 21 avec
530 446 13 31 3
567 449 100 24 autres
683 441 149 33 vaifTeaux
847 444 37 30 de
904 454 109 28 guêtre
1030 445 144 43 François
1195 449 74 40 qu'il
1289 449 84 32 avoir.

104 476 97 32 trouvé
222 480 14 28 à
280 495 5 12 :
305 477 203 44 Martinique.
549 482 52 30 On
618 482 122 40 ajoute,
761 484 73 41 qu'il
849 487 85 30 avoit
948 488 107 43 chargé
1080 488 45 33 fur
1147 488 41 34 fes
1204 490 169 38 vaifTeaux,

100 519 92 32 toutes
208 520 43 31 les
267 520 73 31 nclr
371 530 37 21 ..s
420 521 52 31 des
485 522 139 39 galhons.
666 527 53 31 On
733 537 18 21 a
767 527 89 41 peine
878 528 17 32 à
917 530 99 31 croire
1031 541 79 24 cette
1127 534 156 38 nouvelle,
1306 544 53 28 par-

94 560 89 39 que
197 561 115 32 fuivant
328 562 40 31 Irs
386 563 197 40 précédentes
604 567 104 32 lettres
720 570 38 30 de
776 570 145 37 Madrid,
948 582 39 21 on
1009 583 19 30 y
1051 576 80 30 avoit
1157 578 80 31 arris
1259 587 56 27 que
1337 587 39 24 ce

91 600 39 27 lut
145 601 27 31 le
193 612 45 26 29.
254 602 185 41 Septembre
454 617 58 31 que
524 607 64 31 Mr.
601 609 38 30 du
657 611 87 32 Carte
759 611 46 31 fut
821 613 85 31 battu
920 613 91 34 d'une
1029 615 129 35 furieufe
1174 621 133 37 tempête
1320 645 9 13 ,
1343 622 33 31 &

141 645 20 28 ll
178 656 18 19 n
211 654 86 39 eïo,t-
301 656 17 21 a
354 658 26 46 i,
398 648 72 46 q«>.
485 658 34 25 90
531 650 142 34 lieuesdc
692 652 97 32 Terre
801 664 106 22 neuve.
948 656 46 34 Le
1011 667 100 34 temps
1135 670 74 24 nous
1224 665 151 39 aprendra

76 729 31 9 .„
130 694 26 41 3
159 697 31 19 m
207 697 38 20 cr
262 686 50 50 e?'
356 687 25 46 Y
387 698 61 21 olcl
467 690 27 31 la
508 690 76 33 fuite
598 691 56 33 des
787 697 38 31 de
842 697 85 33 Paris
943 699 38 31 du
994 709 28 28 4.
1045 713 51 25 qui
1111 704 204 34 n'arrivèrent
1331 706 45 32 ici

73 730 52 32 ;^u
139 730 66 28 hier
222 738 84 20 arres
324 730 89 28 midi.
459 755 1 2 .
1048 730 15 14 *

81 780 6 7 •
118 788 21 13 „
162 769 65 30 Nos
256 769 279 33 'lénirorentiaires
552 783 122 24 narrent
687 776 252 41 inceffamment,
956 784 32 30 &
1002 784 64 32 l'on
1081 788 78 31 croit
1175 789 90 39 qu'ils
1281 793 92 35 pour-'

159 821 77 19 ntar
268 821 51 19 ver
334 811 27 30 le
381 820 44 21 12.
442 821 14 20 a
475 813 136 38 Ut,*ht
653 826 9 30 ,
664 827 57 20 olir
741 817 39 32 de
796 821 185 33 l'ouverture
998 827 38 28 du
1054 827 146 41 Congrès.
1243 831 59 32 Les
1317 834 58 31 ler-

66 846 34 37 L
122 859 60 22 très
198 850 39 31 de
256 850 100 31 Cad,x
372 853 39 27 du
429 861 44 21 12.
493 854 176 35 Décembre
683 857 116 39 difent,
821 873 58 31 que
896 865 27 28 la
940 863 72 33 flore
1029 867 38 32 de
1082 869 191 43 Dunkerque
1290 873 85 33 aiant

43 888 57 35 11,
120 892 112 31 achevé
250 892 37 30 de
305 892 112 31 vendre
439 893 43 31 les
508 898 226 34 marchandées
755 902 113 39 qu'elle
889 912 20 30 y
930 906 85 31 avtit
1037 919 120 26 portées
1179 917 38 28 de
1235 913 118 32 France

43 930 53 37 li,
120 941 83 20 avo.t
219 941 93 21 remis
334 943 15 20 a
373 931 28 33 U
420 935 81 30 voile
526 946 73 21 avec
622 941 133 31 d'autres
783 945 224 32 marchandées
1038 951 38 32 de
1101 963 35 21 ce
1163 964 61 20 nais
1243 956 26 28 là
1309 954 66 30 fous

46 970 50 52 J„
120 974 27 30 le
165 972 122 32 Convoi
304 973 37 31 de
356 983 19 27 4
390 973 131 44 frégates
535 979 31 31 &
587 979 37 31 de
648 991 17 21 2
689 983 151 33 vaifTeaux
861 985 35 30 de
917 993 117 30 guerre.
1077 993 60 31 Ces
1160 996 104 32 lettres
1278 977 83 57 'ajoù-

71 1036 24 13 „
116 1022 83 28 tenr,
221 1023 92 33 quon
337 1025 19 31 y
378 1029 81 20 avoit
482 1030 17 19 v
521 1031 64 20 avis
599 1022 37 32 de
656 1023 174 37 Lisbonne,
853 1026 92 39 qu'on
969 1038 19 30 y
1004 1033 83 28 avoit
1102 1036 168 40 embarqué
1286 1048 15 20 2
1316 1041 38 28 ba-

69 1076 12 13 3
80 1076 13 13 ,
116 1059 123 27 taillons
262 1059 130 35 Anglois
415 1070 74 28 pour
513 1062 158 27 Gibraltar
687 1074 7 15 :
724 1067 69 34 Que
815 1065 83 30 deux
921 1069 184 32 Armateurs
1130 1075 164 34 Efpagnols
1312 1087 59 17 ont

74 1116 24 15 „
120 1106 110 21 amené
252 1108 17 19 a
294 1098 100 28 Cadix
424 1131 5 2 .
458 1098 152 32 batuncns
634 1100 158 41 Portugais
813 1103 123 34 chargés
958 1108 37 31 de
1016 1108 67 35 blé,
1104 1113 28 30 &
1157 1121 58 28 que
1233 1121 17 22 2
1272 1122 102 25 autres

73 1159 24 14 „
120 1136 183 33 Armateurs
326 1148 84 21 aïant
433 1149 58 31 pris
513 1140 15 31 à
552 1140 176 40 l'abordage
750 1144 65 41 près
831 1146 40 30 du
896 1148 67 39 Cap
980 1147 44 33 St.
1043 1150 157 38 Vincent,
1222 1166 39 20 un
1284 1167 89 22 autre

72 1180 176 34 „»vailleau
262 1180 38 30 de
317 1189 109 28 guerre
444 1181 159 40 Portugais
622 1183 37 30 de
674 1191 38 28 -54
726 1194 111 22 cations
861 1187 32 30 &
914 1189 37 28 de
976 1198 56 24 140
1054 1191 142 32 hommes
1213 1196 142 35 d'équina-

71 1240 22 14 „
115 1227 54 31 ge,
193 1219 78 32 l'ont
286 1221 91 30 mené
398 1222 15 28 à
437 1222 100 31 Vado.
579 1225 54 30 On
648 1225 76 30 écrit
738 1226 35 32 de
793 1226 98 31 Gènes
906 1227 39 28 du
964 1237 44 26 1..
1024 1239 58 30 que
1098 1232 26 30 le
1144 1240 43 21 12.
1215 1234 20 30 il
1253 1246 19 28 y
1293 1240 79 31 étoic

71 1281 24 14 „
117 1260 99 30 arrivé
240 1270 13 31 g
278 1260 156 33 vaifTeaux
446 1264 38 32 de
506 1274 109 30 guerre
631 1265 131 40 Anglois
785 1277 112 22 venant
920 1269 38 31 de
977 1270 94 32 Porto
1090 1272 133 35 Manon,
1248 1286 53 28 par
1316 1279 46 32 lef-

71 1323 24 14 „
118 1303 85 38 quels
224 1312 40 20 on
287 1313 17 20 a
326 1304 81 39 Jipris
429 1305 76 40 qu'il
527 1309 53 37 n'y
601 1306 102 32 refïoit
728 1310 65 38 plus
811 1318 59 32 que
901 1311 145 41 quelques
1069 1312 150 32 vaifTeaux
1238 1317 117 34 Hollan-

72 1363 22 14 „
116 1343 66 28 dois
198 1343 67 32 hors
280 1343 96 32 d'état
399 1346 37 30 de
459 1346 81 31 tenir
565 1349 27 30 la
615 1358 66 21 mer
704 1348 81 34 faute
809 1351 190 43 d'équipage.
1042 1352 61 33 Ces
1126 1356 117 32 mêmes
1265 1358 107 34 lettres

72 1403 22 15 „
117 1393 139 31 portent,
281 1395 57 31 que
360 1387 27 30 le
413 1387 69 32 Duc
503 1388 38 33 de
563 1388 110 33 Savoie
694 1391 56 40 qui
774 1402 17 20 a
814 1395 136 38 toujours
974 1396 27 30 la
1016 1395 109 38 fièvre,
1146 1408 17 19 a
1178 1400 124 40 accepté
1326 1401 44 32 les

71 1446 24 14 „
117 1424 226 40 préliminaires
356 1427 39 32 de
411 1429 89 39 paix,
520 1431 32 30 &
567 1431 146 31 continue
730 1434 26 30 la
782 1433 135 34 reforme
933 1435 74 33 dans
1023 1436 44 32 fes
1080 1448 132 32 troupes.
1253 1441 67 39 Que
1338 1442 30 31 le

70 1486 25 14 „
118 1466 46 30 Po
185 1467 32 31 &
240 1468 126 40 l'Adigc
387 1479 53 20 ont
467 1470 54 31 fait
543 1474 76 28 dans
640 1474 28 30 le
696 1473 144 33 Piémont
863 1479 31 28 &
917 1480 74 28 dans
1015 1480 99 32 l'Etat
1136 1481 165 38 Vénitien,
1329 1482 41 31 de

70 1527 24 14 „
115 1507 110 39 grands
244 1508 103 41 dégâts
370 1520 56 31 par
446 1512 65 31 leur
534 1513 239 38 débordement,
801 1519 32 28 &
855 1527 57 31 que
941 1519 52 31 des
1018 1530 122 32 troupes
1165 1524 203 32 Allemandes

66 1569 24 14 „
112 1558 54 20 ont
183 1550 59 39 pris
261 1551 56 31 des
328 1552 150 39 quartiers
494 1553 119 31 d'hiver
632 1556 73 31 dans
720 1558 28 28 le
767 1557 170 33 Ferrarois.

109 1587 61 32 Les
187 1591 104 31 lettres
305 1591 38 32 de
356 1592 138 32 Londres
511 1597 38 28 du
566 1604 14 28 5
600 1597 130 31 arrivées
745 1598 105 40 depuis
865 1599 202 40 l'impreflion
1083 1602 37 33 de
1136 1612 86 24 notre
1233 1606 133 33 Gazette

73 1638 125 32 portent
214 1641 35 21 ce
266 1632 51 40 qui
344 1631 67 32 fuit.

107 1691 22 14 
151 1669 128 34 Samedi
294 1683 17 20 2
314 1696 7 7 .
340 1674 38 32 de
393 1684 34 21 ce
445 1675 78 31 mois
540 1676 43 32 les
596 1676 233 37 Commiffaires
843 1681 37 32 de
904 1682 191 32 l'Amirauté
1119 1688 208 39 prefeniérent
1348 1690 21 32 à

67 1734 24 14 „
113 1714 28 28 la
159 1714 157 32 Chambre
331 1714 52 33 des
398 1715 210 39 Communes,
622 1728 58 20 une
697 1720 174 34 eftimation
887 1723 51 32 des
956 1726 97 32 dettes
1069 1727 37 31 de
1126 1728 28 32 la
1172 1730 123 32 Marine
1311 1731 44 31 iuf-

67 1775 24 15 „
113 1754 92 39 qu'au
226 1763 43 22 v.
286 1754 142 33 Octobre
443 1759 133 31 dernier.
618 1759 63 32 Les
702 1760 163 41 Seigneurs
887 1765 89 32 firent
997 1767 99 31 favoir
1119 1770 15 28 à
1157 1772 27 28 la
1209 1773 161 32 Chambre

67 1815 24 15 „
115 1796 91 38 qu'ils
221 1806 125 21 avoient
367 1796 77 41 pafïè'
464 1799 25 31 le
509 1799 59 31 Bill
583 1800 39 31 de
640 1802 26 28 la
683 1808 70 24 taxe
769 1804 45 30 fur
829 1805 43 30 les
886 1814 96 22 terres
1004 1806 66 32 fans
1090 1818 20 30 y
1133 1812 84 30 avoir
1238 1812 57 33 fait
1316 1825 38 20 au-

66 1858 24 13 „
115 1845 58 20 cun
188 1838 216 40 changement.
428 1839 53 31 On
498 1841 137 30 ordonna
653 1843 37 31 de
706 1844 144 40 préparer
865 1856 39 20 un
922 1845 59 32 Bill
1002 1858 74 32 pour
1093 1859 150 33 révoquer
1258 1854 111 33 l'Acte

60 1897 27 15 
109 1877 38 30 de
163 1881 231 30 naturàliLtion
410 1891 74 31 pour
501 1883 41 30 les
561 1883 169 32 Proteftans
745 1886 163 40 étrangers.
941 1890 99 40 Après
1056 1892 84 37 cela,
1157 1894 157 32 l'Huirtier
1328 1898 39 30 de

64 1937 13 17 3
80 1939 8 17 ,
112 1919 28 28 la
157 1919 104 43 Verge
278 1922 99 31 Noire
393 1931 66 21 vint
482 1923 65 32 dire
570 1935 59 30 que
652 1924 43 32 les
709 1923 162 46 Seigneur^
892 1931 144 31 autonfés
1057 1943 52 28 par
1131 1944 58 22 une
1209 1936 136 32 Commif-

67 1981 24 17 „
115 1962 60 27 hon
190 1962 38 31 de
243 1962 31 31 S.
286 1962 45 31 M.
348 1962 162 33 defiroient
528 1975 57 31 que
609 1967 45 30 les
670 1968 191 33 Communes
883 1969 27 32 fe
935 1971 165 32 rendiffent
1123 1975 14 30 à
1161 1976 27 31 la
1213 1976 93 32 B„rrc
1328 1977 39 33 de

71 2022 24 15 „
119 2002 64 28 leur
201 2003 161 32 Chambre
378 2014 74 32 pour
469 2004 96 41 paff*er
583 2017 37 19 au
637 2019 73 20 nom
726 2010 34 30 de
777 2008 31 32 S.
827 2010 44 30 M.
887 2010 41 33 les
944 2011 97 32 Ades
1055 2014 126 33 fuivans.

107 2042 67 31 Aâe
194 2052 76 32 pour
301 2047 136 30 accorder
459 2047 18 28 à
498 2047 39 30 Sa
552 2048 119 40 Majefié
698 2060 35 20 un
745 2050 125 41 fuhfide,
889 2060 74 33 pour
985 2057 58 27 être
1064 2055 60 30 levé
1141 2065 59 31 par
1222 2069 52 18 une
1286 2060 79 28 Taxe

60 2083 58 41 fur
136 2086 39 27 les
189 2086 115 35 ferres,
326 2087 70 31 dans
410 2088 31 28 la
456 2088 116 31 Grande
588 2092 22 28 E'
630 2099 116 32 etagne,
762 2099 74 32 pour
849 2094 24 28 le
881 2094 113 39 fervice
1015 2098 32 28 de
1059 2098 118 31 l'Année
1194 2107 80 27 1711.

107 2127 70 27 Afie
187 2134 74 31 pour
275 2130 145 39 confiner
436 2130 28 28 la
480 2131 130 39 Religion
626 2132 190 39 Proteflante,
840 2146 31 18 en
885 2145 123 22 mettant
1022 2140 94 28 mieux
1137 2151 32 19 en
1181 2143 100 38 fureté
1299 2143 51 32 l'E-

69 2165 74 40 ghfe
161 2166 195 41 Anglicane,
377 2171 104 31 établie
498 2180 61 32 par
581 2172 28 31 la
632 2172 70 35 Loi,
724 2171 38 35 &
777 2184 73 31 pour
872 2178 149 39 confirmer
1037 2179 177 41 &fuppléer
1235 2193 58 19 aux
1313 2184 35 30 dé-

65 2207 90 40 fauts
177 2209 31 27 de
231 2210 30 28 la
283 2211 168 33 lolerance,
472 2213 118 27 acordéc
614 2224 58 19 aux
693 2216 158 38 Proteflans
873 2219 269 38 Nonconformifles,
1159 2230 58 31 par
1237 2235 38 17 un
1294 2225 70 27 Afie

69 2248 117 30 intitulé
202 2270 9 14 ,
235 2249 81 32 Acte
343 2262 76 31 pour
433 2262 128 21 exenter
581 2254 39 28 les
631 2254 92 40 fujets
750 2255 158 40 Proteftans
928 2257 33 28 de
981 2259 39 27 Sa
1044 2255 118 45 Majefié
1183 2264 48 37 qui
1251 2274 32 18 ne
1294 2267 71 35 font

65 2296 58 33 pas
135 2288 38 30 du
183 2290 157 39 fentiment
361 2293 37 31 de
415 2291 125 41 l'Eglife
557 2295 193 40 Anglicane,
772 2296 46 31 des
830 2298 92 38 peines
935 2298 33 28 de
983 2301 136 28 certaines
1134 2301 92 38 Loix,
1241 2302 38 33 &
1287 2311 76 33 pour

66 2329 132 41 affermir
209 2334 65 38 plus
293 2334 265 39 particulièrement
579 2336 30 31 la
632 2336 154 41 Succefjton
798 2339 190 41 Proteflante,
1012 2354 32 18 en
1065 2343 157 32 ordonnant
1253 2347 18 28 à
1293 2356 70 20 ceux

67 2381 50 47 qjtt
132 2374 171 38 pratiquent
317 2375 30 30 la
361 2374 53 32 Loi
424 2398 9 13 ,
454 2378 71 28 dans
546 2379 31 27 la
591 2379 138 39 Bretagne
754 2380 224 39 Septentrionale
987 2406 12 13 ,
1018 2385 33 28 de
1062 2386 100 39 prêter
1183 2387 39 28 les
1235 2387 126 39 fermais

69 2412 39 32 &
122 2413 177 41 defonfcrire
312 2417 31 28 la
359 2418 190 31 Déclaration
563 2421 48 38 qui
622 2430 19 28 y
657 2420 35 38 eft
707 2424 178 28 mentionnée.

107 2474 20 14 
152 2454 99 39 Après
276 2467 59 30 que
358 2467 50 21 ces
429 2456 165 43 Seigneurs
617 2470 89 20 urent
728 2461 100 30 donné
854 2464 30 30 le
904 2464 234 33 confentement
1163 2466 92 32 Roïa!
1278 2467 17 31 à
1311 2478 51 22 ces

65 2516 22 14 „
112 2496 113 35 Actes,
249 2497 41 31 les
307 2498 193 32 Communes
514 2500 28 31 fc
557 2500 164 32 retirèrent
737 2502 73 31 dans
830 2504 63 32 leur
909 2504 158 33 Chambre
1084 2510 32 28 &
1136 2510 226 38 s'ajournèrent

66 2556 24 14 „
111 2544 37 20 au
164 2545 45 22 2e.
231 2537 39 32 de
287 2549 35 20 ce
343 2539 90 30 mois.

102 2598 20 13 „
148 2576 58 32 Les
220 2576 163 43 Seigneurs
399 2582 124 31 n'urent
539 2582 130 39 pasfitôt
681 2582 135 41 pafféecs
831 2583 80 34 deux
930 2585 123 37 Actes,'
1067 2597 58 30 que
1141 2588 28 31 le
1186 2588 116 37 Comte
1320 2590 40 32 de

61 2639 22 14 „
107 2617 209 41 Nottingham
335 2621 124 40 propofa
476 2624 35 30 de
528 2622 224 41 prefenterune
772 2623 126 35 Adreffe
913 2629 61 30 àla
992 2628 120 37 Reine,
1139 2639 72 30 pour
1230 2631 26 31 la
1278 2633 84 39 prier

58 2681 24 17 3,
102 2657 126 34 défaire
247 2672 115 21 mettre
378 2665 73 28 dans
467 2663 295 32 lesinftructionsde
775 2665 41 30 fes
834 2666 291 41 Plénipotentiaires
1143 2693 7 13 ,
1172 2673 189 39 qu'Usaient

61 2724 24 14 „
107 2699 15 32 à
139 2701 94 31 s'unir
249 2702 202 31 étroitement
472 2714 73 21 avec
578 2715 77 21 ceux
674 2706 53 30 des
746 2705 115 35 Alliés,
885 2718 77 30 pour
983 2713 148 30 convenir
1152 2712 156 32 enfembk
1324 2715 40 30 de

63 2764 24 15 „
107 2741 27 30 la
152 2743 99 31 forme
267 2744 39 30 du
322 2745 107 31 Traité
445 2745 51 38 qui
511 2746 65 30 doit
596 2746 63 31 être
679 2745 72 35 fait,
772 2745 38 32 de
830 2748 137 32 manière
991 2763 57 27 que
1070 2763 65 21 tous
1155 2754 46 31 les
1218 2754 98 30 Alliés
1330 2757 32 28 &

63 2806 25 14 „
110 2784 117 31 chacun
252 2794 39 21 en
309 2785 177 39 particulier
502 2784 130 43 puiffent
653 2785 84 33 avoir
759 2785 190 37 fatisfaction
976 2791 45 32 fur
1045 2793 79 31 leuts
1146 2796 104 30 droits.
1293 2797 72 39 Que

65 2849 22 13 „
110 2824 31 31 S.
156 2825 46 30 M.
220 2825 92 31 feroit
330 2828 66 28 aufli
415 2828 80 40 priée
511 2838 53 30 par
581 2838 81 21 ectre
681 2828 144 37 Adreffe,
850 2831 38 32 de
904 2835 118 30 vouloir
1037 2835 141 32 déclarer
1204 2836 26 30 le
1250 2835 117 34 Prince

65 2889 24 14 „
112 2865 158 32 Electoral
294 2868 203 33 d'Hanover,
520 2869 112 31 Prince
656 2870 39 30 du
720 2868 79 41 Sang
821 2874 33 30 &
876 2875 137 39 premier
1035 2875 71 31 Pair
1126 2877 39 30 de
1188 2876 27 28 la
1237 2876 130 32 Grande

67 2931 24 14 3,
115 2908 162 39 Bretagne.
318 2908 46 32 Le
384 2908 117 32 Comte
516 2910 37 30 de
570 2910 204 39 Nottingham
798 2911 33 30 fit
854 2914 26 28 la
900 2914 94 33 deffus
1016 2927 39 20 un
1072 2916 70 38 long
1157 2916 150 38 dilcours,
1328 2920 34 28 Ôc

67 2973 22 13 „
112 2948 32 32 fit
161 2950 67 28 voir
244 2959 59 31 que
321 2949 64 31 fans
399 2960 58 20 une
472 2950 76 30 enti.
560 2960 31 22 re
614 2952 93 28 union
723 2960 72 21 avec
815 2954 43 30 les
876 2954 157 35 Alliés,on
1052 2963 35 22 ne
1109 2966 72 31 peut
1196 2967 54 31 par
1267 2968 100 21 aucun

69 3013 24 14 „
115 2991 109 30 Traité
237 2991 112 31 aflurcr
369 2992 26 28 la
417 2992 178 40 tranquilité
609 2993 37 28 de
664 2991 164 41 l'Euro;c,
852 2994 31 31 ni
898 2995 26 31 la
940 2994 171 32 Succefîion
1131 2999 74 30 dans
1222 3000 26 31 la
1265 2999 104 39 Ligne

69 3054 22 15 „
115 3031 202 33 Proteflante.
361 3032 43 30 Le
425 3032 80 30 Lord
526 3032 145 39 Angleiei
700 3034 83 38 parla
809 3045 125 28 contre,
964 3037 117 37 difant,
1104 3048 57 31 que
1180 3040 37 31 de
1244 3039 109 40 ptefen-

69 3096 24 15 3,
115 3083 47 21 tor
178 3083 59 21 une
252 3073 74 31 telle
343 3071 128 33 Adreffe
488 3072 17 32 à
520 3071 32 33 S.
570 3067 45 37 M.
633 3074 106 31 c'étoit
755 3078 223 39 entreprendre
997 3078 46 32 fur
1059 3079 26 31 (a
1102 3083 201 38 prérogative.
1320 3079 50 32 Ce

70 3138 24 15 „
115 3111 150 39 Seigneur
288 3113 46 30 fut
358 3115 125 31 foutenu
506 3124 53 31 par
583 3116 145 39 quelques
749 3126 102 22 autres
873 3120 38 27 du
935 3119 85 30 Parti
1044 3120 37 30 de
1107 3124 26 27 la
1150 3123 92 28 Cour.
1284 3120 85 33 Mais

69 3182 24 13 „
115 3156 80 30 enfin
211 3156 15 28 à
246 3155 27 30 la
291 3155 142 40 pluralité
446 3156 53 30 des
516 3155 90 34 voix,
630 3156 21 30 il
669 3156 46 31 fut
732 3157 93 31 réfolu
846 3158 39 31 de
908 3159 26 31 la
952 3161 159 40 prefenter
1126 3163 17 28 à
1162 3161 31 31 S.
1211 3162 47 28 M.
1279 3163 31 31 &
1324 3163 47 33 les

69 3221 21 14 3,
113 3196 164 38 Seigneurs
295 3195 223 39 s'ajournèrent
535 3207 35 20 au
588 3204 44 31 13.
648 3197 39 30 de
703 3208 33 19 ce
755 3200 90 30 mois.

109 3260 21 14 „
152 3237 53 30 On
223 3247 14 20 a
256 3235 102 39 publié
377 3247 57 20 une
451 3236 235 32 Proclamation
703 3240 37 28 de
758 3237 30 33 S.
802 3240 46 30 M.
870 3241 51 39 qui
940 3242 137 31 ordorne
1093 3250 39 22 un
1139 3241 69 39 jour
1221 3243 37 32 de
1278 3242 96 35 Teûne

72 3304 22 14 „
115 3279 120 39 général
254 3278 50 40 qui
321 3278 66 31 doit
403 3278 64 31 être
483 3279 118 30 célébré
622 3280 25 30 le
665 3287 44 27 27.
729 3280 38 32 de
785 3289 35 22 ce
841 3282 90 31 mois.
972 3282 165 38 L'Evêque
1154 3285 37 31 de
1215 3283 109 34 Briftol
1338 3288 33 26 Se

70 3345 20 11 
111 3320 61 31 Mr.
190 3319 79 39 Buys
286 3319 151 39 partirent
454 3319 65 32 hier
544 3330 78 30 pour
640 3319 143 40 pafTeren
800 3320 168 35 Hollande.
1009 3324 46 30 La
1072 3325 155 43 Alarquife
1243 3322 109 37 deGôu-

69 3384 24 15 ,,
115 3360 104 33 vemai
236 3361 99 28 arriva
352 3360 178 31 Dimanche
547 3371 38 20 en
602 3371 80 20 cette
699 3361 81 32 ville.

168 3403 56 30 Les
236 3403 99 28 lettres
351 3403 32 30 de
398 3400 87 43 Snijfi
498 3402 39 33 &
556 3402 203 41 d'Allemagne
777 3413 32 21 ne
815 3404 70 39 font
896 3412 53 32 pan
965 3407 136 30 arrivées.

888 3448 26 28 C
