2396 4547
1952 273 170 86 3\(b.
2185 272 89 78 ï©

182 409 409 74 Oprechte
641 409 461 74 Haerlemfe
1153 409 613 74 Dingsdaegefe
1817 409 409 74 Courant.

293 565 723 43 TURCKYEN.

131 618 393 125 COnftantinopolcn
542 618 54 30 den
608 627 37 30 24
654 621 129 38 January.
828 620 61 28 Den
913 628 34 27 1.4
957 618 76 31 defes
1050 618 73 31 heeft
1142 619 35 28 de

268 663 71 26 Heet
358 659 132 38 Tolftey.,
511 658 198 31 Ambafladeur
728 659 200 30 extraordinair
946 670 33 19 en
999 660 164 38 Plenipoten-

268 700 74 27 tiacis
364 709 52 20 van
435 702 54 26 den
509 703 89 25 Czaar
615 709 52 20 van
679 699 164 30 Muscovien
865 699 86 28 alhier
1058 709 45 19 tot
1123 699 56 28 den

270 742 129 27 Grooten
412 741 94 28 Sultan
516 739 143 39 begeven,
679 749 52 19 om
750 741 35 28 de
806 739 191 39 Capitulatien
1016 750 35 19 en
1063 738 98 30 Confir-

131 780 85 30 matie
224 789 54 21 van
287 781 35 28 de
332 781 86 30 Vrede
425 788 72 21 voor
507 781 35 27 de
552 781 46 34 tijt
608 789 52 20 van
673 790 35 30 30
717 784 32 37 Ja
752 789 56 25 ren,
811 781 120 28 nament!
935 781 56 34 ijck
999 789 52 21 van
1062 778 116 31 d'eeifte

130 821 89 30 Vrede
228 828 27 22 te
265 821 155 30 Carlowitz
429 820 34 30 af
467 829 35 20 en
511 829 53 20 van
575 820 46 28 die
630 821 47 35 tijt
686 829 45 20 tot
743 830 35 28 jd
788 823 93 37 Jaren,
891 820 191 40 t'ontfangen,
1093 820 87 30 welke

129 861 118 30 Tui&ie
263 869 38 31 op
320 863 34 27 de
373 861 139 39 volgende
533 860 73 35 wijle
624 860 143 39 gefchiede
790 870 7 18 :
820 861 161 30 Denfelvea
999 863 54 37 dag
1064 860 67 39 ging
1142 860 35 30 de

128 900 110 31 Chiaus
249 904 35 27 Ba
288 902 37 28 Ha
337 902 53 28 fcer
399 911 86 28 vroeg
497 909 56 20 met
569 901 54 30 160
634 899 139 32 Chiaufen
793 909 35 20 na
840 904 22 26 't
874 901 92 38 Paleys
976 911 54 20 van
1039 902 57 28 den
1108 904 47 25 Am-

129 939 165 37 bafiadeur,
315 950 51 20 ora
376 944 54 26 den
441 943 37 27 fel
478 950 52 20 ven
549 939 34 31 af
588 948 26 21 te
624 941 81 28 halen
725 950 35 20 en
771 948 45 20 tot
823 941 56 28 den
892 944 94 26 Sultan
996 950 28 20 te
1032 943 144 38 geleyden,

131 989 35 21 cn
177 983 60 28 in't
247 983 126 39 gemelde
384 983 91 38 Paleys
484 983 139 37 gekomen
643 991 34 19 en
694 990 56 20 van
767 979 53 37 fijn
839 983 74 27 Paert
931 983 131 39 getreden
1071 983 107 34 zijnde,

131 1022 262 39 complimenteerde
404 1020 51 38 fijn
467 1022 184 35 Excellentie,
661 1030 37 21 en
709 1031 69 20 weer
784 1022 164 40 opgeftegen
957 1023 94 37 zijnde
1063 1042 8 14 ,
1083 1020 97 39 begon

131 1061 172 31 dcMarfch:
326 1067 43 33 Hy
379 1062 65 40 ging
455 1070 56 21 met
519 1061 53 38 fijn
585 1062 53 32 160
650 1061 155 35 Chiaufen,
827 1063 51 28 alle
887 1070 27 20 te
925 1065 74 26 Paert
1009 1072 35 20 en
1052 1061 130 38 heerlijck

131 1100 339 43 tiyrgédofcht.vooruyt:
491 1101 64 31 Hier
565 1110 38 32 op
613 1103 125 39 volgden
750 1113 53 20 xco
815 1101 150 43 Janitfaren
973 1111 57 21 met
1039 1103 66 28 haer
1116 1106 50 25 Sor-

137 1142 84 39 biges
231 1141 37 31 of
273 1143 146 28 Collonels
431 1165 11 13 ,
459 1152 37 20 en
506 1150 51 21 een
566 1146 61 35 Aga
635 1152 54 20 van
699 1143 35 28 de
744 1146 83 26 Porte
844 1150 57 21 met
911 1152 50 20 een
970 1141 53 31 feer
1031 1141 106 31 fchoon
1147 1150 34 20 en

132 1182 146 35 kolielijck
294 1183 143 39 opgeciert
458 1185 97 32 Paert,
576 1189 57 21 met
645 1192 37 21 10
694 1185 131 27 Dienaers
844 1191 28 20 te
881 1187 91 30 Voet,
993 1183 58 27 hier
1064 1181 117 30 Ciadari

133 1231 132 31 genaemt
286 1232 8 19 :
314 1224 170 39 Vervolgens
503 1224 38 37 48
553 1224 142 39 Lackeyen
713 1232 54 20 van
787 1224 54 28 den
852 1222 216 34 Ambafladeur,
1088 1231 38 31 op
1135 1222 46 28 het

132 1266 93 35 Duyts
243 1263 109 39 gekleet
372 1264 28 28 in
420 1267 21 25 't
454 1261 169 38 heerlijckfte
640 1264 98 38 Livrey
757 1270 57 22 met
834 1264 100 28 Goude
944 1263 151 33 Boortzel,
1115 1263 66 38 yder

110 1300 4 41 '
133 1311 59 20 niet
203 1303 131 38 Pluymen
343 1311 39 31 op
390 1300 50 38 fijn
451 1303 78 30 witte
537 1307 93 30 Hoet,
648 1313 34 19 en
692 1312 51 21 een
754 1303 122 39 Rotting
893 1304 28 28 in
940 1304 118 28 deHant
1078 1311 8 19 :
1110 1305 69 25 In't

137 1342 115 31 midden
262 1342 46 31 der
318 1344 142 38 Lackeyen
477 1344 35 28 de
534 1342 169 32 Stalmeefter
718 1354 39 30 op
775 1351 50 21 een
835 1343 56 31 fcer
900 1342 105 32 fchoon
1015 1345 97 32 Paert,
1123 1350 56 21 met

133 1393 38 20 iz
184 1384 191 28 Stalknechten
386 1393 26 20 te
422 1387 91 30 Voet,
535 1385 46 27 het
594 1384 105 38 gekleet
718 1394 33 19 en
763 1384 65 38 yder
836 1383 69 30 hielt
914 1393 50 20 een
976 1385 74 27 Paert
1063 1391 53 21 van
1127 1385 51 27 Eer

133 1424 96 27 aende
241 1427 71 26 Hant
324 1433 56 19 met
389 1422 330 37 koftelijkeChabracken
731 1434 7 18 :
754 1428 69 24 Daer
831 1433 33 19 na
875 1424 285 39 quamd'Opper-Dra-

133 1472 171 30 gotmnmec
319 1474 34 19 ic
364 1463 103 28 tweede
478 1466 214 37 Dtagomanncn
702 1473 35 19 en
751 1474 33 26 14
794 1465 195 39 Jongelingen,
999 1465 52 27 alle
1062 1472 26 20 te
1098 1465 78 27 Paert

98 1515 6 11 '
133 1512 37 19 en
181 1512 56 20 met
247 1504 79 40 lange
337 1504 131 30 Klederen
485 1512 54 20 van
557 1504 35 28 de
611 1502 169 38 heerlijckfte
791 1505 99 39 Peltery
901 1514 35 19 en
947 1504 107 30 Mutfen
1064 1512 53 21 van
1126 1508 35 24 Za-

139 1544 58 28 bels
220 1554 8 19 ;
249 1546 15 30 8
276 1544 142 39 Lackeyen
429 1544 30 28 in
468 1544 132 31 Klederen
618 1552 56 20 met
685 1547 77 26 Gout
775 1545 128 27 Boortzel
921 1553 34 20 en
966 1544 110 30 Mutfen
1085 1553 38 30 op
1133 1545 45 28 het

138 1583 90 32 Hooft
248 1605 9 13 ,
280 1593 69 20 waer
367 1593 38 30 op
423 1584 35 30 de
477 1589 117 34 Wapens
613 1593 52 19 van
681 1583 51 37 fijn
751 1583 128 31 CzaarfTe
891 1583 142 40 Majefteyt
1051 1584 132 28 (tonden:

138 1628 73 26 Daer
220 1633 35 20 na
266 1626 123 37 volgden
403 1635 32 19 12
450 1626 83 37 Pages
542 1633 26 20 tc
581 1626 74 27 Paert
665 1633 54 20 met
730 1632 50 21 een
789 1624 97 40 Livrey
894 1623 214 38 vanCarmofijn
1116 1625 50 28 Flu-

136 1667 67 27 weel
213 1685 9 14 ,
233 1672 56 21 met
299 1668 79 26 Gout
387 1667 129 27 Boortzel
526 1683 11 15 >
557 1674 35 20 cn
601 1665 154 37 eyudelijck
763 1665 34 28 de
806 1663 268 31 HeerAmbalTadeur
1082 1674 38 31 op
1129 1674 53 20 een

136 1703 54 31 (êcr
200 1706 128 35 kcerlijck
340 1708 76 26 Paert
435 1713 56 21 met
508 1714 50 19 een
568 1706 124 28 Chabrac
704 1706 47 28 vol
761 1707 138 39 Juweelen
919 1715 8 19 :
950 1707 57 34 Sijn
1018 1707 163 27 Excellentie

143 1754 54 20 was
207 1746 105 39 gekleet
321 1754 39 31 op
373 1748 19 25 't
406 1749 91 35 Duyis
508 1746 31 28 in
547 1746 105 27 Turchs
663 1746 117 30 fluweel
797 1754 56 19 met
865 1746 148 28 Diamante
1031 1749 150 35 Knoopen,

136 1794 37 20 cn
190 1785 196 40 infonderiieyt
405 1795 50 19 een
470 1786 113 40 -Juweel
601 1795 52 20 van
674 1788 168 26 Diamanten
861 1793 38 32 op
927 1785 52 37 fijn
999 1789 72 26 Hoet
1093 1806 11 14 ,
1134 1786 47 30 die

142 1837 96 27 25000
250 1827 220 35 iUjcKsdaelders
484 1826 117 38 v,aerdig
612 1835 53 19 was
678 1837 8 18 :
709 1831 64 24 Men
782 1826 115 33 rektsit,
907 1826 47 28 dat
965 1827 26 27 al
999 1827 37 28 de
1044 1826 137 41 Juweelen

138 1867 118 28 t'iamen
267 1876 37 30 op
314 1869 98 28 80000
425 1866 220 35 Rijcksdaelders
665 1866 119 39 belopen
808 1876 8 18 :
836 1866 99 28 Achter
953 1864 52 38 fijn
1017 1866 164 30 Excellentie

138 1906 124 39 volgden
275 1916 53 30 230
340 1906 141 34 Paerden,
503 1915 69 20 waer
581 1902 38 44 óp
628 1907 156 27 Muscovife
796 1905 275 35 Cavalliers.d'eerfte
1081 1910 79 37 Coop-

135 1946 104 38 luyden
247 1956 53 20 van
308 1946 46 28 die
366 1948 80 27 Natie
456 1955 35 20 cn
501 1946 35 28 de
546 1945 189 31 voornaemfte
744 1945 128 30 Officiers
881 1956 53 20 van
945 1945 52 35 fijn
1007 1944 65 32 Hof
1089 1945 86 35 faten,

110 1987 4 39 .
135 1988 56 28 alle
200 1987 130 37 heerlijck
339 1987 224 39 uytgedolchten
575 1987 129 39 Pluymen
713 1995 38 31 op
761 1987 37 28 dc
804 1989 92 26 Hoet:
915 1990 57 25 Om
980 1987 45 30 het
1038 1989 77 27 Paert
1124 1996 53 21 van

137 2026 53 38 fijn
201 2028 163 30 Excellentie
373 2029 104 38 gingen
490 2028 35 30 26
537 2026 136 37 Ciodari,
685 2036 37 30 ep
731 2027 47 30 het
788 2027 103 30 TurcUs
901 2028 106 37 gekleet
1018 2035 56 21 met
1084 2031 73 34 Capa-

135 2067 47 31 chi
200 2067 37 30 of
249 2066 110 32 Mutfen
369 2067 159 31 vanZabels
539 2085 11 15 >
573 2067 84 31 welck
672 2067 67 30 alles
758 2067 130 37 heerlijck
908 2076 76 25 was,
1004 2076 50 20 om
1072 2074 86 22 teaen-

138 2107 164 30 fchouwen:
325 2108 70 34 Del?
402 2107 109 41 geheele
521 2106 105 39 Staetfy
634 2106 70 40 ging
712 2107 31 30 in
751 2109 24 26 't
785 2107 83 30 Serail
876 2115 53 21 van
939 2107 54 28 den
1005 2107 94 30 Sultan
1110 2115 12 25 ;
1142 2118 35 19 en

138 2148 32 28 in
180 2151 22 26 't
210 2148 133 28 inkomen
352 2157 53 21 van
413 2148 56 28 den
478 2150 130 26 Grooten
620 2147 90 31 Divan
718 2146 84 40 leyde
810 2147 35 28 de
856 2147 91 28 Primo
956 2147 77 30 Vizir
1041 2148 35 27 de
1084 2151 69 25 Com-

137 2187 152 40 plimenten
298 2197 51 20 aen
358 2189 54 30 den
422 2187 200 28 Ambafladeur
630 2187 33 28 af
678 2186 20 41 :.
707 2191 34 37 Sy
751 2187 102 39 gingen
863 2187 89 39 beyde
969 2186 81 30 fitten
1067 2196 34 20 en
1111 2196 64 21 aten

137 2229 180 39 vervolgens;
339 2237 70 21 waer
418 2236 35 20 na
463 2228 52 37 (ijn
527 2228 165 30 Excellentie
700 2236 56 20 met
767 2229 18 30 6
794 2228 233 33 fijnerCavalliers
1037 2228 66 39 ging
1115 2228 27 28 in
1155 2230 22 26 't

138 2268 123 32 Cabinet
269 2276 54 22 van
332 2268 54 31 den
397 2272 129 26 Grooten
536 2269 113 32 Sultan,
672 2268 46 28 die
737 2269 63 27 daet
809 2268 30 28 iii
850 2268 118 28 Perfoon
978 2277 74 24 was,
1075 2276 102 20 nevens

135 2308 57 31 den
203 2309 90 30 Primo
302 2308 77 31 Vizir
399 2319 8 19 :
430 2311 43 26 De
484 2309 93 28 Sultan
598 2308 50 38 gat'
660 2307 60 31 felfs
731 2309 34 27 de
777 2307 188 39 Capitulatien
981 2315 52 20 aen
1043 2307 54 28 den
1108 2310 47 25 Am-

136 2347 141 31 bafladeut
286 2357 87 25 over,
392 2347 48 31 die
450 2347 105 31 defelve
563 2346 154 39 ontfangen
725 2346 163 34 hebbende,
898 2355 52 19 aan
958 2354 51 21 een
1018 2346 79 35 fijner
1108 2348 53 27 Ede-

138 2388 46 30 len
194 2387 120 41 overgaf
327 2396 8 20 :
357 2391 59 27 Met
425 2386 107 32 defelve
542 2385 103 40 Staetfy
654 2387 22 28 is
686 2385 53 39 fijn
750 2386 164 31 Excellentie
924 2394 69 21 weer
1000 2393 51 21 aen
1059 2386 53 34 lijn
1122 2388 40 27 Lo-

137 2434 112 34 gement
257 2427 130 41 gebracht
405 2435 13 26 j
438 2437 72 21 waer
527 2428 81 28 mede
626 2425 61 32 defe
707 2426 150 40 pompeufe
875 2425 131 35 Fun&ie,
1028 2434 35 20 na
1074 2427 17 28 8
1101 2428 80 38 Jaren

136 2477 69 22 over
213 2470 35 27 de
255 2469 105 39 geflote
366 2469 92 30 Vrede
477 2476 54 22 van
549 2467 156 30 Carlowitz
722 2466 164 40 getra&eert
901 2474 37 20 en
954 2464 189 40 geconferectt
1155 2473 26 21 te

137 2507 111 31 hebben
257 2528 9 15 ,
288 2509 194 39 geëyndigtis.
524 2510 44 27 De
579 2506 115 39 Coning
703 2515 56 21 van
769 2509 17 26 S
787 2507 94 28 weden
883 2505 9 12 J
899 2504 113 31 iïnoch
1030 2515 26 20 te
1067 2506 115 34 Bender,

139 2548 83 32 enfal
230 2558 107 28 wegens
357 2550 35 27 de
400 2548 104 39 geflote
513 2548 87 30 Vrede
619 2546 122 30 tuilchen
759 2548 37 28 de
815 2549 79 26 Porte
904 2554 35 20 en
950 2545 167 31 Muscovien
1124 2546 59 28 niet

139 2597 59 22 met
207 2598 50 19 een
266 2589 122 38 machtig
397 2591 87 37 Leger
501 2587 31 31 in
549 2589 85 28 Polen
653 2588 110 28 kunnen
774 2588 96 28 keeren
893 2596 8 18 :
922 2587 59 37 Sijn
992 2588 117 38 Envoy*
1120 2594 64 24 wert

138 2629 59 30 hier
206 2629 58 30 niet
274 2637 54 21 met
338 2639 50 20 een
397 2636 66 31 goet
471 2637 59 31 oog
540 2626 150 41 aengelien.

315 2669 687 43 SPANGIEN.

182 2724 112 32 Madrid
305 2726 54 28 den
372 2727 33 28 18
417 2724 144 40 February.
588 2727 43 26 De
640 2724 112 30 Brieven
762 2733 53 21 van
822 2730 158 32 Zaragozza
991 2721 131 37 melden,
1133 2722 50 30 dat

146 2774 64 22 men
220 2767 94 27 zeden
332 2766 94 38 cenige
437 2766 90 38 dagen
536 2772 51 21 een
606 2772 84 32 groot
709 2765 74 38 getal
795 2765 197 32 Inwoonden,
1012 2761 175 39 befchuldigt

144 2816 67 21 over
220 2806 255 39 Correspondentie
483 2812 57 21 met
548 2806 35 27 de
594 2805 164 34 Catalanen,
769 2805 28 28 in
807 2805 34 28 de
852 2803 174 40 Gevangenis
1036 2803 73 40 gefet
1119 2804 67 33 had;

144 2849 51 27 dat
206 2846 37 30 de
250 2846 98 30 meelte
359 2852 146 33 ovcrtuygt
516 2852 90 21 waren
614 2845 73 28 door
697 2844 63 28 haer
769 2852 86 31 eygen
867 2844 124 33 Brieven,
1002 2843 48 30 die
1059 2844 30 28 in
1101 2848 21 25 't
1131 2846 38 26 Va-

144 2887 52 32 lles
206 2896 53 22 van
272 2887 51 33 den
322 2887 174 33 Courier.na
503 2885 146 30 Barcelona
658 2884 263 40 gaende,gevonden
932 2883 180 35 wierdenjdat
1123 2885 65 27 daer

144 2937 40 31 op
194 2928 35 28 de
239 2928 74 30 Prins
325 2926 165 32 dtZerclaes
509 2927 73 37 Tilly
593 2934 50 20 aen
653 2930 53 22 den
728 2924 209 30 Commandant
946 2931 53 21 van
1011 2926 84 38 Fraga
1104 2926 81 28 ordre

144 2968 77 34 font,
229 2975 45 21 tot
285 2968 45 28 het
339 2967 158 40 publiceren
507 2976 52 20 van
568 2975 48 20 een
628 2963 255 34 Ordonnantie,om
893 2965 52 28 alle
956 2966 214 38 Corresponden-

145 3007 43 31 tie
196 3015 57 22 met
262 3009 37 27 de
307 3009 155 27 Catalanen
470 3015 39 31 op
519 3004 221 32 Levens-ftrafte
749 3004 155 32 verbieden.
946 3005 122 39 Volgens
1077 3006 35 28 de
1123 3007 41 27 Ad-

145 3047 85 40 vyfen
242 3057 53 21 van
305 3048 35 30 de
348 3048 161 28 Frontieren
529 3057 53 19 was
594 3047 33 28 de
646 3048 200 35 Aerts-Hertog
855 3046 56 28 den
921 3054 33 30 ij
966 3043 106 40 pilfato
1083 3054 26 20 te
1120 3045 61 35 Vic,

144 3098 53 21 van
207 3097 69 22 waer
287 3092 41 34 Hy
339 3098 66 19 over
415 3092 86 34 Verga
510 3096 35 20 en
556 3087 135 28 Cordona
703 3094 34 20 na
748 3087 146 27 Barcelona
904 3084 76 30 (lont
989 3093 26 20 te
1024 3085 105 28 keeren.
1137 3089 44 26 De

145 3129 113 38 Xoning
268 3129 72 28 heeft
348 3138 53 20 van
411 3128 158 38 vérfcheyde
579 3126 187 39 nieugeworve
777 3124 405 41 Spaenfle.ltaliaenfle.Walfle

146 3178 35 20 en
190 3169 71 30 Yrflè
274 3169 182 39 Rgimenten
464 3169 204 39 gedisponeert,
678 3176 33 19 en
722 3176 52 19 aen
783 3168 52 27 den
847 3164 123 31 Graefde
979 3165 148 40 Frigiliana
1136 3167 47 28 het

146 3213 224 26 Gouvernement
381 3219 52 21 van
443 3211 53 27 den
509 3208 79 30 Raed
598 3215 53 22 van
663 3207 120 33 Indien,
795 3214 56 22 met
860 3207 44 28 het
915 3208 249 37 Super-Intendant-

145 3250 81 39 fchap
236 3252 46 28 der
294 3250 176 30 Commercie
480 3257 52 22 van
542 3249 47 27 dat
607 3250 214 37 Lant,gegeven.
866 3244 122 31 Gifteren
997 3248 125 28 vertrock
1130 3257 56 20 van

150 3292 58 28 hier
217 3300 50 20 een
278 3291 109 37 talrijck
396 3294 123 34 Convoy
528 3293 128 35 Wagens,
667 3288 116 39 geladen
790 3296 58 19 mer
856 3286 165 30 alderhande
1031 3289 136 27 Nootwen-

149 3332 138 39 digheden
296 3339 71 21 voot
377 3333 130 27 d'Armee
516 3330 32 30 in
557 3328 174 30 Catalonien.
744 3331 66 26 Men
821 3327 93 39 arbeyt
925 3335 56 20 met
992 3328 58 28 veel
1059 3337 65 31 yver
1134 3338 52 20 aen

150 3373 45 27 het
206 3372 96 28 maken
312 3381 54 19 van
374 3372 34 28 de
418 3371 144 30 Hembden
574 3390 9 14 ,
594 3366 149 32 'Schoenen
750 3377 37 20 en
796 3369 97 28 andere
912 3369 159 39 Equipage,
1090 3370 97 30 onvde

151 3416 131 35 Troupen
294 3420 26 20 te
331 3413 106 26 kleden.
482 3413 40 26 Te
533 3409 139 31 Peniscola
684 3409 22 30 is
716 3410 54 28 den
780 3419 17 27 7
807 3418 50 19 een
867 3407 125 39 SpaenfTe
1007 3409 123 31 Felouck
1140 3410 33 30 in-

150 3454 157 39 geloopen,
327 3461 51 20 om
387 3452 47 28 dat
446 3452 45 28 het
503 3451 81 39 daegs
604 3458 141 21 tevooren
763 3458 37 30 30
809 3448 102 38 Mijlen
919 3457 53 21 van
983 3448 35 31 de
1029 3448 157 32 Kuftfterck

151 3494 54 28 had
216 3493 105 28 hooren
333 3493 128 30 fchieren.
483 3494 71 26 Men
563 3489 102 37 fchrijfc
674 3498 50 21 van
737 3489 53 30 den
803 3498 32 28 15
847 3488 104 40 paflato
961 3497 52 21 van
1024 3493 103 32 Ceuta,
1135 3493 50 26 dat

150 3531 97 32 d'onfe
255 3534 53 28 den
321 3543 31 20 11
366 3533 34 30 de
412 3533 110 38 Reduyt
533 3531 144 28 Alcantara
686 3531 206 38 occupeerden,
901 3539 38 20 en
947 3529 48 28 dat
1005 3530 37 30 de
1051 3534 133 31 Mooren,

150 3575 50 28 die
208 3582 35 20 na
253 3578 67 25 onle
328 3574 155 38 Arbeyders
502 3582 33 19 en
548 3570 346 39 Granadiersgeavanceeit
906 3579 106 27 waren,
1032 3578 57 22 met
1098 3580 85 30 groot

150 3613 97 31 verlies
256 3614 109 28 hadden
383 3620 112 22 moeten
504 3612 126 28 retireren
647 3619 12 25 ;
679 3612 48 27 dat
738 3609 35 28 de
790 3611 131 38 Vyanden
940 3609 53 30 den
1005 3619 33 28 13
1050 3619 52 20 een
1111 3612 74 37 Mijn

151 3656 84 28 lieten
246 3654 209 39 lpringen.waer
464 3654 74 27 door
547 3653 86 27 alleen
644 3660 15 21 1
671 3650 79 31 onfer
758 3650 151 39 Arbeyders
920 3648 123 40 gequetft
1052 3651 132 34 wierden;

150 3694 50 30 dat
209 3696 161 38 vervolgens
380 3694 34 27 de
424 3691 164 31 Granadiers
599 3691 37 39 lig
646 3700 37 30 op
693 3691 44 30 het
749 3698 175 32 geoccupeert
941 3693 118 37 Terreyn
1069 3690 103 41 geforti-

151 3735 91 31 ficeert
255 3733 163 32 hebbende,
429 3735 34 27 de
476 3737 70 25 Rots
556 3732 129 28 innamen
693 3752 12 13 ,
726 3741 33 19 en
770 3733 46 26 dat
827 3733 53 26 den
889 3729 34 31 fel
927 3739 52 20 ven
986 3733 56 38 dag
1051 3733 37 27 de
1097 3735 66 27 Moo-

150 3785 46 20 i:n
207 3783 54 21 met
269 3783 85 31 groot
364 3776 93 37 gewelt
469 3772 151 33 aenvielen,
630 3781 48 21 om
686 3772 34 28 de
732 3770 158 31 PallifTaden
900 3780 71 21 voor
979 3775 21 25 't
1011 3771 112 31 Baftion
1134 3782 52 22 van

155 3820 52 25 San
216 3819 71 37 Jago
298 3824 26 20 te
333 3819 145 28 ruineren;
502 3822 72 21 maer
582 3814 47 28 dat
643 3811 27 39 fy
680 3821 54 20 met
748 3811 53 30 feer
809 3811 185 31 confiderabel
1005 3814 94 30 verlies
1109 3823 61 28 gere-

150 3856 135 40 poufl'-crt
295 3855 139 34 wierden,
446 3855 141 28 nadcmael
598 3853 28 39 fy
638 3860 43 22 tot
694 3856 22 26 's
726 3854 203 38 anderendaegs
940 3856 22 25 's
974 3862 126 30 morgens
1111 3854 74 41 befig

154 3906 89 21 waren
252 3906 32 28 ge
288 3895 77 31 weeft
374 3902 57 22 met
439 3895 64 30 haer
515 3895 119 28 Dooden
644 3902 27 20 te
680 3896 136 38 begraven
824 3902 33 20 en
869 3902 57 31 weg
935 3901 26 21 te
972 3894 90 30 halen.

400 3938 581 41 ITALIEN.

195 3994 40 28 Ml
240 3993 59 30 iaën
317 3992 56 31 den
383 4003 32 28 15
428 3993 143 38 February.
615 3994 41 27 De
676 3987 90 33 Gracf
776 3999 52 21 van
844 3989 174 32 ziuzendorf
1032 3991 21 28 is
1072 3999 34 20 na
1128 3993 38 28 Ge-

154 4043 74 21 noua
237 4035 181 34 vertrocken,
439 4042 50 21 om
507 4033 38 39 lig
562 4041 34 22 na
617 4031 146 31 Barcelona
781 4039 26 22 te
826 4031 214 40 embatquercn,
1059 4031 129 32 willende

154 4077 37 27 dc
198 4076 89 39 gecde
296 4074 115 40 gelegen
415 4074 74 41 iheyt
500 4083 53 21 van
561 4072 96 40 eenige
669 4072 141 40 Schepen,
829 4070 47 33 die
895 4072 66 30 Geit
973 4081 35 20 na
1018 4072 171 31 Catalonien

156 4115 89 32 fiilleti
252 4115 302 39 transponerenniet
572 4113 107 39 voorby
696 4114 76 28 laten
781 4121 78 31 gaen.
901 4111 87 31 Alfoo
999 4121 63 21 men
1072 4114 58 28 niet
1139 4122 34 20 an-

154 4155 20 32 ti
182 4165 32 20 :rs
223 4155 155 32 denckt.als
387 4155 47 30 dat
445 4165 66 21 men
519 4154 61 31 defe
591 4157 159 37 Campagne
758 4153 38 31 fal
803 4161 112 22 moeten
922 4154 96 33 doen,
1039 4154 107 30 werden
1156 4155 34 30 dc

156 4194 201 33 Conuibutien
365 4205 53 21 ran
428 4196 149 31 denGroot
585 4199 105 37 Hertog
698 4193 430 43 vanToscane,deßepublijckcn
1137 4205 53 21 van

1220 562 207 33 Genoua,Luca
1439 573 53 24 >en
1500 565 98 30 andere
1611 563 155 31 Italiacnflè
1776 563 117 31 Voiften
1903 565 84 30 fterek
2002 566 201 39 ingevordert:
2225 565 44 30 Dë

1218 602 104 38 Herrog
1333 611 52 21 van
1396 605 96 28 Panna
1501 605 71 28 heeft
1581 613 71 21 reets
1663 607 34 27 de
1707 605 69 37 fijne
1785 614 38 31 op
1832 607 35 28 de
1877 614 65 21 voet
1952 615 53 20 van
2016 607 193 40 vooriedejacr
2219 607 33 28 be-

1218 640 77 30 taelt.
1319 645 20 25 't
1351 645 120 27 Gerucht
1482 653 81 30 gaet,
1586 646 50 27 dat
1645 652 35 21 de
1693 648 105 37 Hertog
1809 654 52 20 van
1872 647 161 28 Mirandola
2042 654 27 20 te
2078 653 119 24 Weencn
2217 651 51 26 uel

1218 681 96 28 mocht
1324 691 124 21 trouwen
1459 702 9 17 >
1492 686 71 26 door
1584 686 84 27 welck
1685 686 106 28 middel
1811 686 34 39 hy
1857 686 87 30 fetude
1955 686 125 30 trachten
2091 693 67 24 weet
2170 689 27 28 in
2215 686 53 38 fijn

1218 722 72 27 Lant
1299 729 27 22 te
1335 723 113 28 komen.
1472 725 63 27 Den
1546 733 35 20 10
1594 726 22 26 's
1629 725 102 28 Nachts
1741 733 48 20 ten
1802 737 11 19 i
1827 736 64 20 uute
1902 726 109 30 hebbeu
2021 729 35 28 de
2066 726 135 31 CaroiTen
2211 736 54 21 van

1218 759 34 30 de
1263 762 137 40 Marquife
1411 764 105 30 Novati
1534 774 34 19 en
1586 764 56 28 den
1661 769 105 35 Hertog
1785 775 35 20 en
1840 768 135 38 Hertogin
1987 776 56 21 van
2053 769 131 28 Manicon
2196 771 54 26 mal-

1217 801 103 30 kander
1328 813 38 30 op
1376 807 87 27 Srraet
1473 803 100 31 fonder
1590 806 83 30 Licht
1691 814 131 21 ontmoet
1832 815 12 25 i
1865 808 35 28 de
1917 809 144 37 Lackeyen
2079 810 188 33 vand'cerite,

1218 841 58 28 niet
1286 844 141 34 wetende,
1448 846 50 28 dar
1507 849 35 26 de
1550 844 89 30 ander
1648 855 52 19 aen
1710 844 157 31 Perfoonen
1878 855 53 21 van
1942 847 52 30 foo
2002 856 103 31 groote
2115 849 149 28 Ch-iratter

1218 881 210 38 toebehoorde,
1447 885 110 39 (loegen
1576 887 135 28 derlelver
1730 887 119 28 Paerden
1869 889 204 32 metStocken,
2092 895 52 22 om
2163 889 65 28 haer
2236 896 30 22 tc

1218 921 76 28 doen
1303 924 44 28 ftil
1356 924 73 30 ftaen
1440 934 32 19 en
1481 927 85 37 plaeis
1586 934 73 21 voor
1678 927 34 27 de
1733 931 90 25 Caros
1835 935 52 21 van
1898 927 63 30 haer
1971 928 144 28 Meefteres
2126 937 27 21 te
2163 938 99 31 geven;

1219 970 70 21 waer
1297 972 38 30 op
1343 966 34 27 de
1388 969 104 37 Hertog
1502 974 54 20 met
1566 966 37 30 de
1615 970 96 35 Degen
1728 966 32 30 in
1770 967 34 28 de
1815 971 73 26 Hant
1898 976 48 31 uyt
1955 966 52 38 fijn
2019 973 89 24 Caros
2118 967 99 43 fproiig
2226 970 39 30 eri

1224 1010 50 20 een
1284 1005 104 38 Lackey
1406 1002 57 33 'van
1472 1009 34 26 de
1518 1005 137 41 Marquité
1664 1016 35 19 en
1709 1006 64 30 hacr
1782 1006 169 31 Hofmeelter
1961 1009 126 39 quetfle,
2114 1018 37 31 op
2163 1011 40 27 dit
2215 1019 33 30 ge-

1224 1042 79 30 rucht
1315 1044 111 30 lchoten
1435 1045 35 30 de
1481 1048 131 28 Soldaten
1622 1055 53 22 van
1687 1048 33 30 de
1730 1048 97 30 Wacht
1846 1056 67 27 toe,
1932 1057 35 20 en
1987 1049 130 28 brachten
2135 1052 35 27 de
2189 1054 57 25 Mar-

1218 1082 76 38 quife
1304 1091 34 20 na
1348 1084 63 28 haer
1422 1087 103 37 Paleys:
1537 1090 21 26 's
1570 1089 215 38 Anderendaegs
1796 1090 168 38 vergaderde
1974 1090 34 27 de
2020 1094 96 24 Senaet
2126 1097 65 24 over
2200 1090 64 32 defc

1221 1123 103 34 Saeck,
1345 1134 35 19 en
1389 1124 73 30 heeft
1472 1126 125 30 Arreften
1605 1136 38 31 op
1654 1129 53 27 den
1716 1131 106 37 Hertog
1833 1137 53 21 van
1898 1130 194 33 Manleon.die
2104 1130 28 28 in
2144 1131 34 28 de
2189 1135 74 26 Hant

1218 1162 123 39 gequetll
1351 1165 69 34 is,en
1431 1174 38 30 op
1481 1167 53 27 den
1544 1168 124 38 Marquis
1680 1168 102 30 Novati
1792 1178 57 20 mer
1858 1168 51 38 fijn
1918 1169 112 39 gehecle
2040 1172 112 28 Familie
2163 1173 102 38 gdegt,

1219 1211 57 19 mee
1287 1202 102 32 veibod
1401 1214 52 20 vaa
1462 1207 58 27 niet
1541 1214 48 32 uyt
1609 1208 65 28 haer
1691 1207 109 40 Huyfen
1813 1218 27 21 te
1850 1219 90 31 gaen,
1962 1218 45 21 tot
2017 1212 48 28 dat
2078 1213 34 27 de
2124 1212 81 30 Sacck
2215 1221 32 31 ge-

1218 1243 137 31 dccidcert
1368 1246 32 27 is.
2265 1247 6 12 '

1352 1289 749 40 VRANCKRYCK

1256 1341 84 35 Parijs
1350 1341 52 30 den
1415 1350 12 30 j
1443 1346 96 26 Maert.
1580 1345 120 38 Volgens
1711 1345 34 28 de
1756 1349 73 26 Staet
1839 1346 48 30 der
1899 1343 150 39 tfeveuen,
2070 1348 48 31 die
2135 1348 38 30 de
2192 1352 54 26 Her
2255 1367 7 6 •
2295 1354 11 13 »

1218 1385 50 33 tog
1287 1390 52 20 van
1359 1382 112 28 Medina
1485 1384 133 34 Sidonia,
1641 1384 126 31 Minifter
1776 1395 52 21 van
1840 1388 126 38 Oorlog,
1989 1398 69 20 over
2075 1390 35 28 de
2128 1393 132 35 Troupen

1215 1420 152 31 derGuarni
1378 1421 93 30 'oenen
1482 1427 74 25 van't
1569 1424 188 38 Coninkrijck
1763 1435 53 21 van
1828 1430 105 35 Spange
1942 1428 73 30 heeft
2024 1431 74 26 laten
2109 1439 154 31 opnemen,

1215 1457 92 33 berint
1318 1462 122 33 men,dat
1452 1472 51 19 van
1513 1465 104 40 ditjaer
1626 1465 291 43 deSpaenflTeTioupen
1931 1478 54 20 met
2000 1473 167 27 zooooMan
2176 1479 90 20 meer*

1215 1502 47 26 der
1272 1502 41 27 als
1324 1504 131 27 voorlede
1465 1506 60 37 Jaer
1534 1506 177 28 vermeerdert
1720 1507 60 35 zijn
1789 1512 165 33 geworden,
1967 1509 135 31 behalven
2111 1512 35 28 de
2156 1509 110 33 nieuwe

1221 1541 178 38 Rcgimcuten
1409 1551 54 20 van
1472 1545 247 39 Vreemdelingen,
1740 1556 70 20 wacr
1821 1556 47 20 toe
1878 1546 51 38 fijn
1939 1550 116 30 Catliol.
2068 1550 145 38 Majefteyt
2224 1551 37 30 da

1217 1580 109 31 nieuwe
1336 1581 183 31 Commilfien
1537 1584 72 30 heett
1629 1587 158 37 uytgedeelt
1811 1596 8 21 ;
1841 1589 66 27 Men
1924 1590 198 31 continueerde
2141 1592 102 38 in'tge-

1217 1620 76 30 lieele
1302 1623 201 37 Coninckrijck
1512 1633 53 20 van
1576 1628 106 37 Spange
1700 1633 57 20 met
1774 1626 35 28 de
1827 1629 171 38 preparatien
2017 1631 243 40 toteenfpoedige

1215 1670 35 19 en
1260 1662 158 38 vigoureule
1430 1667 159 37 Campagne
1599 1674 27 19 te
1636 1667 99 27 maken
1757 1675 8 19 :
1789 1669 41 26 De
1841 1667 255 39 CommifTuiflen,
2118 1672 139 28 dienadc

1219 1703 158 28 Provintien
1387 1702 167 39 afgelbnden
1563 1714 110 25 waren,
1694 1706 216 31 continueerden
1920 1711 110 27 Granen
2041 1709 87 40 byeen
2138 1721 28 20 te
2174 1713 74 28 verla-

1220 1744 91 26 mden
1320 1752 34 19 en
1364 1742 105 31 defelve
1479 1753 37 20 na
1524 1744 35 30 de
1569 1744 170 39 Magafijcrn
1749 1756 52 20 van
1813 1752 126 35 Arragon
1949 1759 35 19 en
1994 1752 100 28 andere
2104 1752 161 30 Frouticren

1215 1791 27 19 te
1251 1783 74 28 laten
1335 1791 221 32 transporteren:
1577 1788 67 26 Men
1655 1786 54 31 had
1719 1789 58 27 ook
1787 1796 53 20 van
1851 1789 110 31 Madrid
1971 1791 96 40 eenige
2076 1796 118 34 Wagens
2206 1801 57 20 met

1219 1822 131 30 Soldaten
1361 1824 130 31 Klederen
1509 1830 202 35 naZaragozza
1729 1826 142 39 gefonden
1891 1839 8 18 :
1920 1830 93 31 'tHof
2026 1840 54 20 van
2091 1835 106 35 Spange
2206 1833 56 30 had

1217 1871 51 20 een
1279 1866 115 27 Decreet
1404 1873 189 31 uytgegeven,
1615 1876 51 21 om
1683 1869 35 27 de
1729 1869 164 39 Privilegien
1903 1871 50 28 der
1962 1872 237 35 Coninckri|cken
2209 1881 53 21 van
2275 1887 6 6 •

1215 1906 125 35 Arragon
1351 1915 34 19 en
1396 1906 145 34 Valcncia,
1563 1906 48 28 die
1629 1907 64 28 haer
1711 1907 180 31 teroorfaeck
1907 1920 53 20 van
1978 1912 190 39 haerOpttant
2181 1915 28 27 in
2219 1912 28 30 fa-

1215 1952 64 20 veur
1297 1946 269 38 vanConingCarel
1579 1949 227 28 lll.ontnomen
1825 1959 109 26 waren,
1955 1959 28 20 te
2003 1952 145 30 heiltcllen
2169 1963 9 19 :
2199 1954 63 37 Sijn

1214 1984 112 28 Cathol.
1339 1984 144 40 Majefteyt
1492 1985 53 31 had
1554 1996 51 21 een
1613 1988 86 28 ander
1711 1990 113 28 Decreet
1835 1991 74 28 doen
1919 1989 151 38 affenden,
2089 2003 52 19 om
2150 2002 52 20 aen
2211 2003 51 20 een

1213 2033 86 28 groot
1319 2026 73 38 getal
1406 2027 182 39 Gevangen»,
1610 2028 50 30 die
1678 2028 28 30 in
1724 2030 35 27 de
1772 2031 253 39 Gcvangenhuyfen
2043 2042 52 21 van
2102 2039 163 35 Zaragozza

1211 2073 35 19 en
1254 2065 128 30 Valeacia
1391 2067 169 37 gedetineert
1570 2078 111 25 waren,
1704 2070 118 39 Vryheyr
1840 2078 28 21 te
1884 2080 87 30 geven
1981 2082 25 25 j•
2016 2082 35 20 en
2062 2083 64 20 men
2143 2074 118 39 hoopte,

1209 2104 50 28 dat
1269 2106 63 28 dele
1339 2115 92 30 wegen
1442 2115 53 20 van
1506 2107 262 41 Sachtmocdigheyt
1786 2111 46 28 het
1843 2113 89 28 Volck
1950 2122 69 20 weer
2028 2109 44 33 tót
2082 2115 34 30 de
2127 2115 120 38 vrywilli-

1209 2153 35 28 ge
1252 2145 243 40 gehoorfaemheyt
1505 2148 92 38 jegens
1607 2150 174 39 denConing
1789 2159 35 20 en
1834 2150 53 39 lijn
1898 2153 154 39 Regeey'ng
2061 2152 107 32 fouden

1209 2193 52 28 gen
1285 2194 8 20 :
1316 2185 69 30 Selfs
1396 2194 87 20 waren
1494 2189 34 27 de
1540 2189 178 40 Biiïchoppen
1728 2200 54 19 van
1939 2202 33 19 en
1984 2194 130 34 Murcia,
2135 2194 119 31 d'eerftc

1211 2231 44 21 tot
1263 2225 116 40 Viceroy
1389 2235 52 21 van
1450 2230 124 37 Arragon
1584 2229 61 30 end
1651 2230 92 30 'ander
1750 2241 56 19 van
1815 2232 149 35 Valcncia,
1972 2233 215 39 genomineert,
2207 2244 51 22 om

1212 2264 50 28 dat
1271 2265 63 27 dele
1344 2274 15 22 i
1372 2268 122 27 Prelaten
1502 2268 72 30 door
1585 2272 22 25 't
1618 2270 90 30 Volck
1719 2274 54 26 leer
1782 2270 106 31 bemint
1900 2282 87 20 waren
2010 2284 8 19 :
2039 2275 221 31 Ondcrtuflchen

1212 2303 73 28 heeft
1294 2313 63 20 men
1365 2306 198 31 ondervonden
1576 2327 9 14 ,
1606 2309 48 30 dat
1672 2310 27 28 al
1709 2311 63 27 defe
1781 2313 89 26 lachte
1887 2313 141 30 middelen
2046 2314 72 30 niets
2138 2316 122 39 hielpen,

1215 2352 33 19 en
1257 2352 47 20 ten
1312 2344 70 35 tijde
1395 2365 8 13 ,
1414 2346 41 27 als
1467 2354 63 21 men
1540 2348 131 30 d'Ordres
1683 2357 53 21 van
1746 2350 54 27 den
1812 2350 115 40 Conlng
1936 2352 69 40 ging
2011 2355 180 35 executéren,
2203 2365 58 20 met

1215 2383 37 27 de
1261 2383 252 39 Gevangenhuyfen
1522 2394 26 21 te
1556 2391 158 37 Zaragozza
1723 2396 27 21 te
1760 2399 109 31 openen
1881 2388 70 35 ,'loo
1959 2392 72 31 heeft
2042 2404 61 19 men
2114 2404 50 20 een
2176 2396 86 39 Spion

1217 2422 191 39 gearreftcert,
1429 2426 47 30 die
1494 2427 93 38 eenige
1605 2428 115 30 Blieven
1737 2438 54 21 van
1802 2433 22 26 't
1835 2430 60 32 Hof
1909 2443 54 20 van
1972 2435 150 27 Barcelona
2141 2445 52 20 aen
2203 2447 45 18 vet-

1217 2464 113 38 lcheyde
1338 2469 111 35 Burgers
1469 2474 53 20 van
1541 2469 46 27 die
1597 2469 69 28 Stad
1684 2469 151 40 byfighad
1852 2479 11 26 j
1886 2471 48 31 foo
1955 2473 50 30 dat
2024 2474 31 28 in
2063 2476 90 38 plaets
2164 2485 52 20 van
2226 2478 37 28 dc

1217 2511 84 30 geene
1311 2523 9 14 >
1339 2505 47 28 die
1395 2515 141 31 gevangen
1546 2507 93 34 (aten,
1661 2509 44 28 los
1723 2517 28 21 te
1769 2511 96 34 laten,
1886 2512 53 30 had
1959 2522 65 20 men
2034 2516 73 28 noch
2117 2524 51 21 een
2176 2525 86 30 groot

1215 2542 300 41 getalgearrêfteerr.en
1522 2546 161 40 veifcheyde
1693 2548 110 32 hadden
1811 2551 35 28 de
1856 2552 92 30 vlucht
1955 2563 148 30 genomen.
2127 2557 120 30 VanTou-

1219 2585 50 27 lon
1286 2585 60 35 zijn
1363 2585 59 30 veel
1442 2589 171 38 Vaertuygen
1624 2597 37 20 na
1671 2589 112 31 Sicilien
1792 2590 162 40 gefonden,
1975 2602 50 21 om
2035 2596 123 30 d'aldaer
2167 2598 98 35 zijnde

1222 2627 126 38 Troupen
1358 2634 53 21 van
1420 2626 85 30 onfen
1515 2628 113 39 Coning
1639 2629 30 28 in
1678 2637 28 20 te
1716 2640 98 19 nemen
1832 2640 35 21 en
1883 2642 38 20 na
1938 2635 177 35 Vranckrijck
2134 2644 28 20 te
2171 2644 77 22 trans-

1219 2673 125 31 porteren
1355 2686 8 14 ,
1385 2675 37 31 op
1431 2667 48 28 dat
1501 2666 85 31 fulcks
1605 2670 34 26 de
1650 2670 315 39 Vredens-Negotiatie,
1988 2675 48 28 die
2054 2683 64 21 men
2128 2685 61 32 gaet
2200 2678 46 30 her-

1220 2713 91 22 vatten
1320 2726 9 14 ,
1351 2706 56 30 niet
1419 2706 93 30 mocht
1522 2709 150 28 retarderen
1693 2719 8 19 :
1720 2714 70 26 Men
1809 2709 76 41 fegt,
1907 2714 48 28 dat
1965 2714 63 30 defe
2037 2719 152 37 Troupen,
2213 2719 48 30 die

1222 2756 73 26 5000
1313 2750 66 26 Man
1398 2745 85 31 fterek
1500 2748 59 37 zijn
1577 2748 132 40 geweeft,
1730 2758 45 22 tot
1794 2761 39 30 op
1844 2754 56 28 800
1919 2756 168 31 vermindert
2105 2759 63 34 zijn
2186 2769 8 20 :
2217 2763 46 26 De

1220 2789 104 37 Hertog
1332 2797 52 20 van
1394 2789 96 28 Uzeda
1507 2791 171 27 continueert
1698 2790 31 31 in
1749 2792 100 30 Italien
1859 2794 89 30 Volck
1965 2804 53 21 aen
2037 2804 28 21 te
2085 2807 119 26 nemen;
2225 2807 37 20 en

1220 2835 63 20 men
1292 2826 115 40 arbeyde
1415 2835 26 21 te
1453 2832 154 37 Cartagena
1616 2830 73 30 nofh
1698 2839 57 21 met
1772 2833 54 28 alle
1837 2832 77 41 fpoet
1922 2844 52 20 aen
1983 2845 51 20 een
2044 2841 152 35 Transport
2209 2849 56 20 vas

1218 2869 130 37 Troupen
1357 2877 34 19 na
1402 2868 120 32 Sicilien.

1356 2911 783 48 SWITSERLANT.

1257 2963 187 28 Schafhiufen
1454 2965 53 30 den
1519 2976 15 19 2
1546 2968 99 28 Maett.
1669 2969 67 27 Men
1744 2969 84 28 hoort
1840 2970 73 28 nócli
1923 2970 74 34 niet,
2021 2973 48 28 dat
2088 2974 176 30 deCantofts

1215 3012 51 21 aen
1276 3005 35 28 de
1323 3004 133 30 Minilters
1467 3015 52 20 van
1530 3006 54 30 den
1593 3006 98 40 Keyfer
1698 3017 32 20 en
1741 3009 178 35 Vtanckrijck
1939 3021 109 28 wegens
2066 3013 37 30 de
2121 3015 128 30 Neurrali-

1219 3051 57 32 teyt
1286 3045 48 28 der
1343 3044 171 31 Waldlteden
1533 3054 34 21 en
1586 3047 34 28 de
1639 3048 161 40 Veyligheyt
1818 3050 50 28 der
1878 3052 159 28 Frontieren
2047 3063 53 19 van
2115 3058 22 26 't
2148 3059 117 26 Canton

1219 3093 54 20 van
1281 3083 93 37 Bafel,
1397 3085 102 39 gelijck
1508 3087 27 39 (y
1545 3096 51 20 van
1606 3089 129 40 meening
1746 3098 109 26 waren,
1866 3090 161 40 gcfchreven
2036 3093 131 37 hebben;
2190 3106 56 20 mac
2252 3105 13 20 r

1220 3133 63 19 men
1293 3124 126 31 verfekert
1430 3126 111 35 echter,
1550 3128 47 28 dat
1609 3128 47 30 het
1665 3131 150 39 eerltdaegs
1826 3130 37 30 fa»
1874 3132 164 38 gdlchieden
2052 3144 7 19 :
2081 3136 188 31 Ondertufler»

1219 3163 97 38 fchijnt
1326 3165 65 28 alles
1402 3175 106 31 wegens
1518 3168 34 30 de
1561 3168 87 31 Saken
1659 3178 53 20 van
1723 3171 191 40 Doggenburg
1925 3171 64 31 ftil:
2004 3183 85 27 maer,
2102 3177 57 34 wijl
2172 3178 94 28 aldaer

1220 3204 120 30 tuflehen
1352 3206 85 39 beyde
1449 3209 34 27 de
1495 3208 130 39 Religien
1641 3208 40 41 fig
1698 3210 83 40 eenig
1799 3211 178 31 Misveiftant
1988 3215 200 39 openbaerde,
2211 3216 50 31 foo

1219 3244 69 31 hout
1298 3255 63 19 men
1370 3253 26 22 te
1404 3248 98 28 Zurich
1513 3257 33 19 en
1556 3252 71 26 Bern
1635 3250 152 39 dagelijcks
1796 3252 201 37 Conferentie,
2020 3265 50 19 om
2080 3256 87 31 fulcks
2178 3257 28 30 in
2215 3259 50 30 der

1220 3286 93 30 minne
1322 3285 37 41 by
1369 3293 27 22 te
1404 3289 98 38 leggen
1515 3298 8 20 ;
1545 3288 67 30 Selfi
1631 3289 73 30 heeft
1723 3292 46 31 her
1789 3292 83 31 eerfte
1889 3294 76 28 defer
1975 3305 17 20 2
2004 3299 128 27 Cantons
2143 3307 51 20 een
2204 3308 45 20 ver-

1220 3333 74 21 trout
1306 3326 117 30 Perfoon
1433 3337 35 19 na
1476 3328 50 30 dat
1534 3331 72 27 Lant
1615 3328 142 40 gefonden
1768 3343 8 19 :
1795 3335 41 26 Te
1847 3335 105 27 Lucern
1962 3334 22 30 is
1995 3345 52 20 een
2056 3338 193 38 kleyneßrouil-

1219 3367 63 28 lerie
1293 3366 120 30 tulTchen
1423 3369 54 30 den
1489 3369 87 31 Graef
1580 3380 53 20 van
1642 3372 240 31 Trautmansdotf
1893 3384 33 20 en
1936 3374 56 31 den
2001 3377 136 30 Auditeur
2146 3387 52 21 van
2207 3380 28 27 d<
2243 3389 22 21 ■

1221 3407 85 34 Paus,
1317 3407 131 31 alhoewel
1457 3419 64 20 men
1531 3411 74 30 noch
1623 3411 58 30 niet
1691 3412 85 31 hoort
1785 3423 70 21 waer
1863 3423 77 27 over,
1952 3416 143 37 ontftaen.
2133 3422 40 26 Te
2184 3420 78 28 Chut

1217 3446 72 30 heeft
1298 3448 314 43 d'EngelfleLcgations
1624 3454 145 30 Secretaris
1789 3463 51 21 een
1860 3454 143 38 koftelijck
2014 3456 99 39 Feftijn
2121 3468 139 31 gegeven,

1220 3488 569 39 endcMagiftraethecrlijckgetrafteert.
2212 3498 6 14 '

1220 3586 230 8 Duytfant
1479 3586 58 8 en
1565 3586 403 8 d'aengrenfende
1996 3586 230 8 Rijcken.

1261 3593 120 20 Weenen
1394 3593 57 21 den
1461 3593 35 24 28
1508 3593 144 33 February.
1698 3593 110 34 Sondag
1826 3593 67 26 hielt
1913 3600 63 19 men
1985 3600 52 20 aen
2049 3595 20 25 't
2081 3594 61 30 Hof
2147 3606 51 20 een
2209 3594 56 32 feer

1219 3624 79 40 lange
1306 3624 98 31 fecrete
1414 3625 187 32 Conferentie.
1639 3628 220 30 OndertuiTchen
1867 3632 175 28 continueert
2052 3644 63 20 men
2124 3637 139 39 dagelijks

1219 3664 34 30 de
1265 3664 256 33 DiverrifTeroemen
1532 3677 52 20 van
1593 3671 24 26 't
1628 3671 136 27 Carneval
1774 3678 11 26 j
1795 3678 34 21 en
1840 3680 53 20 van
1903 3673 136 31 avontfal
2052 3673 27 31 in
2089 3676 34 28 de
2133 3679 65 28 Zael
2207 3686 57 21 vaa

1221 3704 46 30 het
1278 3705 137 39 Lanthuys
1424 3717 51 20 een
1482 3707 130 37 heetlijck
1630 3709 47 28 Bal
1695 3710 146 39 gehouden
1860 3713 116 28 werden.
2021 3717 44 26 De
2082 3717 117 31 Blieven
2210 3728 56 21 vaa

1221 3745 58 30 den
1293 3756 11 20 1
1318 3748 15 28 8
1345 3756 52 20 van
1408 3749 183 38 Leopoldftad
1602 3750 129 34 melden,
1742 3752 47 27 dat
1799 3751 35 31 dc
1846 3755 131 27 Generael
1985 3754 113 40 Heyfter
2108 3758 92 30 aldaer
2209 3761 57 28 den

1227 3788 34 28 16
1276 3790 20 25 's
1306 3787 149 40 middags,
1466 3797 98 21 nevens
1576 3789 44 30 het
1631 3789 151 39 Regiment
1799 3801 54 20 van
1863 3795 116 28 Breuner
1994 3797 191 38 aengekomen
2194 3809 70 26 was,

1222 3834 56 21 met
1287 3827 138 37 intentie,
1437 3837 48 21 om
1495 3830 52 28 den
1557 3829 87 31 felven
1655 3830 83 30 nacht
1746 3833 74 28 noch
1830 3834 35 28 de
1874 3836 69 38 Brug
1963 3844 53 21 van
2026 3837 37 28 de
2072 3842 83 38 Waeg
2166 3848 26 22 te
2200 3850 50 30 pat-

1221 3866 93 35 feren,
1329 3876 34 20 en
1371 3869 35 28 de
1416 3868 106 32 Marfch
1533 3879 34 20 na
1578 3870 103 30 Neutra
1691 3880 80 21 voort
1782 3881 27 21 te
1819 3872 87 33 fecten
1923 3883 11 26 }
1956 3886 74 20 maer
2041 3878 48 30 dat
2111 3889 86 26 men,
2207 3882 58 37 wijl

1224 3908 45 30 het
1279 3912 33 26 ïs
1320 3908 65 30 dien
1395 3911 81 28 nacht
1486 3909 31 30 in
1528 3913 20 26 t
1559 3914 92 25 Water
1665 3920 85 32 quam
1762 3933 9 14 ,
1791 3924 51 20 een
1853 3914 142 40 vliegende
2006 3920 70 38 Brug
2085 3930 54 20 van
2150 3921 116 31 Saicken

1222 3948 56 30 had
1287 3958 110 20 moeten
1407 3950 91 35 flaen,
1508 3959 70 21 wact
1587 3959 67 22 over
1664 3952 35 39 hy
1709 3952 66 31 eerft
1785 3957 53 27 den
1853 3958 34 30 18
1897 3957 148 40 gepafleert
2056 3969 53 22 was
2121 3981 9 15 ,
2141 3961 78 30 alfoo
2229 3965 37 27 de
2275 3967 6 14 •

1224 3991 194 37 Vyandenmet
1430 4002 74 21 1000
1517 3992 118 30 Paerden
1645 3991 37 40 by
1703 3994 149 31 Neuheufcl
1871 3997 142 32 verfterekt
2033 4009 109 28 waren,
2165 4011 50 21 om
2228 4004 38 30 de
2287 3998 22 9 ~

1225 4029 138 40 Poftering
1372 4038 53 21 van
1435 4031 106 32 verebil
1551 4042 65 21 over
1623 4032 80 41 hoop
1720 4043 28 21 ie
1754 4036 105 32 komen
1878 4048 103 30 werpen
1991 4049 12 25 i
2024 4050 74 20 maer
2108 4043 113 39 volgens
2232 4045 38 30 de

1225 4069 112 31 Brieven
1348 4080 52 21 van
1409 4074 54 31 den
1474 4083 35 21 10
1520 4082 89 22 waren
1625 4074 37 30 de
1680 4078 149 30 Oruzzen
1847 4087 40 30 op
1904 4080 46 28 het
1968 4082 174 31 aennaderen
2150 4094 52 21 van
2211 4085 58 30 dea

1230 4113 131 28 Generael
1371 4115 126 39 Heyfter,
1507 4115 46 30 die
1560 4113 40 41 fig
1611 4123 38 20 nu
1658 4114 32 31 in
1700 4116 102 31 Ncufol
1811 4117 109 37 bevint,
1928 4120 59 30 hals
1997 4129 66 21 over
2073 4124 56 38 kop
2139 4126 113 30 vanNeu-

1228 4150 91 32 heufel
1326 4160 58 32 weg
1397 4155 176 34 eeretireert;
1594 4153 52 32 fo»
1668 4155 50 31 dat
1726 4157 70 30 alles
1815 4159 122 31 tuflehen
1952 4161 37 30 de
2000 4165 76 27 Gran
2094 4173 34 20 en
2138 4166 37 28 de
2185 4170 84 34 W'aeg

1231 4196 81 27 we'er
1319 4193 32 31 in
1359 4192 53 33 ruft
1423 4196 33 30 is.
1478 4200 43 27 Te
1530 4194 77 33 Raeb
1618 4193 78 35 wiert
1706 4195 86 34 fterek
1800 4207 53 25 aen
1861 4200 417 37 allerhandeVuur-MateiiaUw
