1502 2294
47 71 92 40 quand
155 72 51 27 elle
224 71 106 39 quitera
357 70 24 28 le
405 67 76 31 deuil
506 67 47 30 des
580 67 72 30 deux
670 67 46 30 der-

47 111 71 28 niers
146 109 129 30 Daufins.
315 112 50 25 Sur
389 106 124 31 l'arrivée
539 106 66 30 d'un
624 106 107 40 Exprès

47 148 33 28 de
106 150 25 27 la
157 150 87 27 Reine
269 148 34 28 de
330 149 25 27 la
379 146 113 30 Grande
517 150 132 37 Bretagne
669 165 8 13 ,
705 148 26 27 la

47 189 77 26 Cour
148 198 35 18 en
208 187 124 39 dépêcha
354 196 37 19 un
423 187 24 28 le
472 197 28 25 4.
526 196 35 18 au
587 184 144 31 Maréchal

48 226 142 28 d'CJxelles
210 226 17 28 à
242 226 124 28 Utrecht.

204 266 41 27 De
261 267 117 26 Londres
394 266 24 26 le
435 268 25 24 8.
470 263 105 37 Juillet.

85 302 96 30 Mardi
207 301 109 30 dernier
343 313 37 18 on
407 301 120 40 procéda
553 301 15 30 à
593 301 138 28 l'élection

47 340 47 30 des
115 339 100 32 Shérifs
235 352 70 27 pour
322 352 66 19 cette
407 341 63 28 ville
489 346 26 24 Se
528 352 69 26 pout
607 340 25 28 le
641 344 67 25 Com-

46 379 27 31 té
89 379 33 31 de
141 380 137 30 Midlcfèx
298 391 70 28 pour
385 378 84 32 fervit
488 378 105 30 l'année
604 378 112 40 prochai-

46 430 35 18 ne
92 438 8 13 ,
122 424 26 25 &
171 420 25 27 le
221 419 145 30 Chevalier
392 419 109 28 Samuel
519 417 86 30 Clark
626 423 26 24 &
672 420 59 26 Mr.

48 459 159 28 Guillaume
223 461 102 27 Lewcn
340 469 38 18 un
394 457 45 30 des
461 457 163 28 Aldermans
641 456 90 30 furent

46 496 76 28 élus:
143 497 35 28 Ils
204 508 50 18 ont
280 496 92 30 donné
397 497 54 28 leur
476 496 157 40 obligation
650 496 80 38 qu'ils

46 544 162 19 exerceront
231 547 66 17 cette
322 535 111 39 charge.
471 536 37 26 Le
526 535 144 27 Chevalier
690 535 28 26 Si-

46 583 70 18 mon
135 578 113 24 Stewart
268 575 136 28 Baronnet
428 586 17 17 a
461 573 41 28 été
520 573 48 28 fait
587 573 122 28 Chambê-

46 612 45 27 lan
107 611 33 28 de
157 613 188 40 l'Echiquier,
365 613 120 39 laquelle
502 613 76 38 place
605 611 38 30 eft
659 612 70 28 dans

46 647 30 31 fa
98 648 105 32 famille
221 652 96 39 depuis
343 653 25 28 le
385 652 97 39 Régne
500 652 35 28 du
554 652 54 28 Roi
626 652 103 38 Jaques

47 691 142 32 Premier,
211 691 113 41 prefque
352 691 59 27 fans
437 691 195 38 interruption.
672 691 22 27 Il
713 702 18 28 y

46 738 17 19 a
78 739 53 18 une
148 731 206 27 Proclamation
372 731 60 26 (ous
450 731 26 26 la
493 731 83 37 preflc
594 739 71 28 pour
681 739 33 18 en-

45 768 107 35 joindre
170 778 54 19 aux
242 770 143 39 Seigneurs
405 767 122 31 Ecoflois
553 770 33 27 de
612 767 105 30 s'aflem-

46 806 59 30 bler
123 806 14 30 à
157 808 176 40 Edimbourg
348 809 24 26 le
393 817 45 26 2.5.
457 807 106 28 d'Août
581 806 146 41 prochain,

47 854 71 27 pour
135 847 139 28 l'élection
291 848 65 27 d'un
372 847 102 27 d'entre
490 856 52 18 eux
562 856 71 30 pour
652 848 78 26 avoir

48 882 92 30 féance
167 886 67 27 dans
256 887 25 26 la
306 886 139 27 Chambre
471 885 80 28 haute
576 886 37 27 du
639 886 77 27 Parle-

46 931 78 18 ment
142 921 33 30 de
190 925 25 27 la
234 925 111 27 Grande
364 927 131 37 Bretagne
507 944 8 13 ,
528 925 17 27 à
561 925 26 27 la
600 924 74 39 place
693 924 38 28 du

47 961 103 27 Comte
176 961 126 30 Marshal
328 965 48 35 qui
402 961 38 30 eft
465 972 84 19 mort.
608 965 38 26 Le
669 965 63 27 Duc

47 998 126 41 d'Argile
190 1003 26 25 &
234 999 27 28 la
275 1000 110 38 plupart
400 1000 33 30 de
458 1002 26 28 la
501 1000 129 31 Noblefle
647 1000 66 31 Ecof-

46 1036 71 31 foife
141 1037 112 31 doivent
279 1039 84 39 partir
389 1038 25 28 la
444 1038 118 31 femaine
581 1039 149 39 prochaine

48 1088 72 28 pour
144 1076 26 30 fe
195 1078 96 30 rendre
307 1089 34 19 en
360 1076 93 32 Ecolfe
465 1098 7 13 ,
495 1077 56 31 afin
568 1078 126 31 d'aflifter
716 1080 15 28 à

47 1126 67 19 cette
133 1115 129 31 élection.
304 1121 58 26 Mr.
372 1119 89 27 Henri
480 1116 89 31 Smith
587 1121 99 26 Ecuïcr
698 1119 33 28 de

50 1154 196 31 Wcftminfter
257 1176 8 12 ,
278 1167 17 18 a
311 1155 41 30 été
369 1155 48 30 fait
428 1155 143 30 Treforier
588 1156 46 30 des
654 1156 61 31 forâ-

46 1204 59 20 mes
124 1195 46 38 qui
189 1194 112 28 doivent
324 1194 56 28 être
406 1194 86 27 levées
514 1202 70 30 pour
600 1194 72 27 bâtir
691 1194 38 27 les

50 1232 103 40 Eglifes
172 1234 105 26 luivant
294 1234 87 27 l'Acte
399 1233 34 27 du
456 1233 164 27 Parlement.
654 1233 78 27 Cette

47 1271 122 28 femaine
194 1272 22 27 le
242 1271 119 28 Général
383 1270 91 31 Webb
500 1279 15 18 a
537 1269 48 28 fait
609 1271 25 26 la
652 1279 80 19 revue

47 1310 47 28 des
122 1309 139 40 régimens
283 1320 54 18 aux
356 1309 105 28 Gardes
478 1309 48 38 qui
550 1307 61 30 font
627 1309 57 32 ici,
705 1312 26 25 Se

47 1358 30 18 ce
102 1350 87 26 matin
215 1350 20 26 il
260 1348 39 28 eft
326 1348 71 37 parti
424 1357 69 27 pour
513 1346 84 39 paiïèr
613 1348 65 28 auflî
697 1358 34 18 en

46 1396 84 19 revue
150 1384 14 27 à
183 1385 136 27 Honflow
338 1406 6 13 ,
372 1384 35 31 les
426 1387 70 28 trois
522 1385 138 40 régimens
679 1388 48 37 qui

47 1421 63 31 font
128 1433 81 18 venus
228 1423 122 31 d'Ecofle
361 1444 7 13 ,
391 1429 26 25 Se
436 1426 47 39 qui
500 1424 112 30 doivent
628 1424 26 30 fe
669 1435 46 19 ren-

47 1461 48 28 dre
112 1460 66 30 dans
196 1462 24 30 le
233 1465 103 28 Comté
352 1463 32 28 de
404 1467 80 25 Kent.
526 1466 48 27 On
591 1463 40 30 dit
650 1465 81 38 qu'ils

47 1500 28 30 le
91 1511 163 20 remettront
270 1504 112 28 demain
399 1513 34 18 en
451 1501 110 30 marche
582 1513 71 28 pour
670 1504 50 28 s'al-

46 1539 39 31 ler
103 1540 165 41 embarquer
285 1543 15 28 à
318 1545 126 27 Douvres
470 1552 63 18 avec
553 1543 21 28 le
592 1541 138 39 régiment

46 1578 47 31 des
113 1579 104 31 Gardes
240 1579 168 33 Ecoflbifes,
418 1585 27 26 Se
457 1591 52 28 que
527 1579 61 31 c'eft
607 1581 41 30 fur
667 1580 51 28 l'ar-

45 1619 76 30 rivée
137 1618 65 30 d'un
222 1620 105 37 Exprès
352 1631 71 19 venu
449 1619 59 30 hier
527 1618 32 31 de
580 1623 144 30 Douvres,

46 1668 53 28 que
118 1657 165 30 l'Amirauté
307 1670 15 18 a
347 1657 50 30 fait
416 1659 85 39 partir
519 1669 28 18 ce
565 1661 87 31 matin
669 1658 45 28 l'A-

46 1697 81 27 miral
145 1696 90 28 Leake
253 1708 70 27 pour
338 1697 66 28 aller
423 1697 14 30 à
450 1696 188 34 Portfmouth,
648 1702 81 34 pren-i

46 1734 50 27 dre
119 1735 25 27 le
168 1735 243 31 commandement
444 1736 80 30 d'une
548 1735 106 32 efeadre
679 1739 48 35 qui

46 1772 61 28 doit
124 1773 80 28 fervir
221 1774 33 28 de
272 1775 110 28 Convoi
399 1774 15 28 à
431 1787 40 18 ces
490 1786 130 27 troupes,
643 1776 85 37 qu'on

46 1808 104 31 deftine
168 1811 15 28 à
198 1824 28 17 ce
244 1815 85 37 qu'on
346 1813 85 30 aflure
449 1825 70 28 pour
531 1815 65 28 aller
613 1813 116 40 prendre

46 1847 146 43 pofTeflîon
209 1852 33 27 de
260 1852 183 39 Dunkerque.
482 1854 21 27 II
528 1864 18 31 y
563 1864 15 18 a
595 1864 132 25 aparence

46 1899 54 30 que
118 1891 25 27 la
161 1891 87 27 Reine
266 1892 69 27 n'ira
359 1903 47 28 pas
424 1891 43 30 cet
485 1892 50 28 Eté
560 1892 14 28 à
593 1891 135 32 Windfor

46 1928 18 30 à
83 1926 74 32 caufe
176 1929 33 28 de
226 1928 26 28 la
269 1932 177 33 conjoncture
463 1930 128 40 épineufe
614 1931 37 28 où
672 1931 57 30 l'on

46 1970 26 26 le
98 1977 117 22 trouve,
234 1971 28 26 &
287 1977 52 27 que
363 1970 25 25 le
405 1970 154 28 Parlement
582 1970 148 28 continûra

46 2009 39 26 les
106 2007 107 28 féances
240 2016 69 30 pour
339 2006 56 30 être
418 2007 59 40 prêt
502 2008 15 27 à
534 2008 135 30 délibérer
686 2009 44 30 fur

45 2044 40 30 les
103 2043 109 31 affaires
229 2047 48 37 qui
295 2049 25 25 le
339 2044 194 39 prefenteront.
561 2048 48 26 On
626 2047 40 27 dit
677 2057 52 28 que

46 2082 90 30 divers
163 2085 129 28 Officiers
317 2083 46 30 des
390 2094 109 32 troupes
527 2087 33 28 de
582 2095 70 19 terre
680 2088 47 35 qui

47 2118 61 31 font
126 2122 58 30 fans
210 2126 125 38 emploi,
365 2122 144 33 follicitcnt
531 2126 58 28 fort
614 2126 26 27 la
652 2126 78 30 Cour

47 2165 34 20 ce
98 2159 37 27 les
152 2166 115 27 envoïer
283 2163 83 34 fervit
391 2165 92 40 parmi
509 2166 39 31 les
565 2174 112 31 troupes
696 2165 34 32 de

776 66 26 30 la
821 67 91 31 Reine
927 69 133 31 deftinées
1081 79 70 31 pour
1169 74 26 27 la
1213 81 59 19 mer
1289 71 37 30 du

777 117 167 31 commença
965 119 79 18 avant
1068 110 59 27 hier
1154 111 14 27 à
1192 111 69 28 faire
1280 111 25 28 la
1323 116 74 21 vente
1411 106 40 33 pu'

776 145 94 40 blique
888 148 45 28 des
952 148 204 30 marchandifes
1176 151 48 38 qui
1243 150 102 28 étoient
1362 145 14 30 à
1393 144 59 26 bon»

776 183 37 30 du
831 184 116 31 vaifleau
973 189 118 26 nommé
1121 189 222 41 l'Aquapulcha,
1364 189 25 25 Se
1406 181 45 28 l'o"

776 222 40 30 dit
831 235 52 27 que
901 226 26 28 la
937 228 178 39 Compagnie
1134 227 37 28 du
1182 231 53 25 Sud
1252 239 33 18 en
1305 224 90 32 achète
1410 221 40 27 uflt
1462 233 1 13 i

776 261 92 31 bonne
887 266 86 37 partie
994 275 70 28 pour
1083 267 35 27 les
1137 270 115 25 cnvoïer
1269 267 99 28 vendre
1385 268 32 21 ci»
1429 261 21 20 *

776 300 116 39 païs-là.
922 306 83 26 Entre
1024 305 35 28 les
1080 304 136 31 vaifleaux
1234 301 162 33 marchands
1411 296 40 41 qul

776 339 61 31 font
854 343 90 27 entrés
960 341 69 30 dans
1057 353 51 19 nos
1135 354 76 28 ports
1239 356 98 18 venant
1354 344 31 28 de
1402 339 48 27 LlS'

776 378 111 33 bonne,
909 381 19 27 il
947 391 15 28 y
980 391 33 19 en
1031 391 15 18 a
1063 393 37 18 un
1127 381 14 30 à
1167 384 71 27 bord
1256 384 102 39 duquel
1376 379 18 31 il
1409 378 40 38 7.'

778 428 52 19 ioo
850 419 76 28 mille
940 419 48 27 liv.
1010 418 73 31 fterl.
1102 431 33 19 en
1154 432 33 18 or
1205 423 33 27 de
1257 422 126 39 Portugal
1396 437 6 13 ;
1414 417 34 26 (ur

775 457 24 27 le
816 468 110 28 compte
945 458 46 27 des
1010 457 161 43 Négocians
1188 472 33 17 en
1240 472 28 17 ce
1289 458 111 43 païs-là.
1410 454 38 28 0°

775 496 100 30 mande
894 497 32 27 de
945 497 139 31 Lisbonne
1101 520 8 11 ,
1128 509 53 30 que
1199 502 22 26 le
1243 502 56 26 Roi
1317 502 34 27 de
1365 500 81 39 Porti^

776 535 45 37 gai
839 546 17 17 a
872 535 90 28 réfolu
984 536 32 27 de
1035 537 80 28 refter
1141 542 15 25 à
1183 539 149 30 Salvaterra
1358 531 90 45 jtifqu'?

775 573 25 27 la
819 572 38 31 fin
874 574 33 28 de
926 574 25 28 la
967 576 163 38 Campagne
1142 596 7 12 ,
1172 581 26 24 S.
1211 581 32 25 M
1247 600 6 14 ;
1273 579 74 30 étant
1367 579 56 39 plus
1435 574 12 21 *

776 612 96 39 portée
887 613 143 30 d'envoïer
1050 613 38 32 fes
1106 615 94 30 ordres
1219 614 14 32 à
1251 618 111 28 l'armée
1382 621 22 25 8e
1422 607 25 31 "*'

776 652 37 26 les
839 651 69 30 faire
932 652 137 31 exécuter.
1109 657 47 27 On
1172 657 109 34 ajoute,
1311 667 51 28 que
1382 646 52 48 quel-

776 699 65 30 ques
862 692 78 38 jours
967 703 80 18 avant
1074 694 22 27 le
1122 694 96 38 départ
1234 696 37 28 du
1291 686 155 48 paquebot!»

775 729 37 28 les
837 738 111 31 troupes
971 731 144 39 Angloifes
1142 733 198 30 commandées
1368 743 46 30 par
1428 725 18 30 k

775 769 100 28 Comte
894 769 32 30 de
946 774 163 31 Portmore,
1130 774 110 28 avoient
1258 784 63 30 reçu
1345 774 31 28 de
1396 774 50 27 l'ai*

774 816 65 32 gent
855 813 26 24 &
899 809 46 28 des
972 809 89 30 habits
1078 811 208 39 d'Angleterre,
1307 811 69 30 dont
1393 809 53 31 elle'»

774 847 109 27 avoient
900 848 57 27 bon
974 849 105 27 belbin.
1121 852 46 26 On
1186 862 14 17 a
1218 850 94 30 donné
1329 852 80 28 ordre
1422 843 25 31 ie

774 887 78 37 païer
863 886 69 26 trois
950 896 71 27 pour
1038 898 59 17 cent
1123 899 71 27 pour
1207 900 52 18 une
1274 889 76 28 demi
1370 891 77 28 aiinfl

774 924 126 28 d'intérêt
917 934 53 19 aux
987 926 138 28 Intereflès
1144 926 67 31 dans
1237 928 27 28 la
1278 924 171 48 Compagnie

774 961 33 30 de
830 963 27 28 la
876 974 58 18 mer
952 965 37 28 du
1007 966 64 28 Sud.
1110 967 162 38 Cependant
1290 979 37 18 on
1344 961 104 43 ctit'qo'

774 1002 22 28 le
816 1002 136 31 Dérident
976 1004 56 28 fera
1057 1006 52 27 mis
1135 1017 34 18 en
1194 1007 110 38 Capital
1330 1018 69 27 pour
1417 1004 31 27 le*

774 1044 170 34 particuliers
957 1063 7 12 ,
985 1048 26 24 Se
1031 1044 66 39 qu'il
1116 1043 58 30 fera
1198 1045 126 38 emploie
1350 1044 14 31 à
1391 1043 71 30 faw;

774 1089 28 19 ce
819 1091 167 18 commerce.
1024 1084 48 27 On
1089 1084 69 27 croit
1169 1083 150 39 qu'enfuite
1332 1084 35 28 du
1389 1076 73 46 répjß

774 1129 52 28 que
844 1124 25 24 S.
882 1123 44 25 M.
945 1130 14 18 a
976 1122 100 28 acordé
1102 1134 33 17 au
1153 1123 118 28 nommé
1287 1123 109 30 d'Alzel
1414 1115 50 52 pi'j

774 1168 56 18 rate
847 1160 123 27 Ecoflois
987 1161 159 28 condamné
1169 1161 17 30 à
1202 1172 93 22 mort,
1318 1162 58 30 Elle
1394 1162 57 27 auf*

772 1194 64 26 aufli
861 1194 26 28 la
913 1194 84 28 bonté
1022 1194 32 30 de
1072 1196 38 28 lui
1128 1195 107 31 donner
1258 1198 51 30 fon
1330 1200 119 39 pardon»

774 1232 129 38 plufieurs
920 1235 143 39 Seigneurs
1083 1234 122 32 Ecoflois
1221 1238 52 27 l'en
1292 1241 77 26 aïant
1387 1231 63 47 prie*-

776 1272 47 26 On
841 1272 40 26 dit
899 1273 66 37 qu'il
991 1274 102 37 partira
1116 1273 109 31 bientôr
1250 1277 129 39 pluficurs
1402 1272 48 33 Sci'

775 1319 99 27 gneurs
892 1319 70 28 pour
979 1311 65 27 aller
1063 1322 61 17 avec
1143 1312 135 40 pafleport
1294 1319 115 26 voïarrer
1422 1317 32 25 eft

776 1351 99 25 France
896 1352 25 25 Se
951 1349 66 28 dans
1044 1350 37 28 les
1106 1359 89 20 autres
1220 1357 59 34 païs
1305 1345 149 39 étraiîo-erS'-

774 1389 69 26 Hier
860 1398 34 18 au
912 1387 53 30 foir
984 1389 98 30 l'Abbé
1090 1391 115 30 Gautier
1221 1395 119 27 nommé
1357 1389 96 45 depui^

775 1436 51 28 peu
844 1427 145 30 Secrétaire
1011 1428 33 28 de
1063 1429 185 32 l'Ambanade
1266 1433 33 28 de
1319 1435 102 27 France
1435 1423 18 33 £

774 1465 125 32 Utrecht,
911 1463 40 31 fut
966 1476 33 18 en
1018 1467 162 30 conférence
1198 1481 63 19 avec
1272 1474 58 26 Mr.
1342 1475 35 25 St.
1390 1473 63 34 Jeaf»

775 1505 145 28 Secrétaire
937 1504 100 30 d'Etat.
1059 1507 172 33 Aujourdhui
1252 1511 129 38 plufieurs
1401 1506 47 33 Sei'

772 1553 99 28 gneurs
892 1544 103 41 Whigs
1012 1545 123 30 donnent
1153 1557 37 18 un
1207 1548 86 38 grand
1311 1552 73 35 régal
1402 1548 51 30 au*

772 1585 104 26 Dames
894 1581 43 30 fur
948 1585 24 26 la
991 1585 97 28 rivière
1104 1596 64 18 avec
1187 1580 35 34 vii
1240 1586 137 32 très-beau
1389 1593 64 25 con*

772 1631 52 19 cert
841 1623 33 27 de
893 1623 141 39 mufique,
1056 1624 59 38 plus
1131 1624 32 28 de
1183 1636 34 25 50
1234 1625 47 30 des
1298 1629 59 38 plus
1378 1622 70 34 habi'

772 1661 37 28 les
822 1661 144 28 Muficiens
985 1661 73 30 étant
1076 1663 141 31 ordonnés
1235 1676 71 26 pour
1324 1668 66 28 cela.
1406 1664 47 28 O*

772 1698 39 30 dit
829 1710 53 28 que
899 1701 21 27 le
938 1703 100 26 Comte
1057 1701 32 28 de
1109 1703 130 28 Portland
1258 1704 28 28 ni
1305 1706 25 28 le
1345 1706 86 30 Cheva-

772 1737 48 30 lier
847 1740 158 28 Guillaume
1031 1741 118 37 Temple
1174 1744 78 25 n'ont
1283 1754 48 27 pas
1357 1743 84 31 encore-

772 1787 63 31 reçu
861 1778 81 30 ordre
961 1779 32 28 de
1017 1778 25 30 fe
1061 1778 105 30 défaire
1182 1780 33 28 de
1233 1781 71 30 leurs
1322 1781 126 40 emplois;

772 1819 50 26 Les
841 1815 130 39 Quakres
996 1818 32 28 de
1055 1827 65 19 cette
1142 1820 65 26 ville
1232 1818 25 30 fe
1283 1820 136 39 difpofent
1435 1811 28 38 M

772 1854 135 39 prefenter
925 1867 52 18 une
994 1856 109 30 Adrefle
1121 1856 15 30 à
1153 1860 25 25 S.
1192 1859 43 26 M.
1252 1869 34 19 au
1305 1859 65 34 fujet
1388 1854 51 34 dd*-

772 1897 76 35 paix.
888 1897 47 27 On
956 1896 99 28 mande
1070 1896 34 28 de
1127 1896 26 28 la
1172 1898 133 27 Province
1320 1898 32 30 de
1374 1904 63 24 Sorri-

772 1933 115 32 merfet,
915 1945 52 26 que
992 1936 26 27 la
1043 1935 72 38 pluie
1142 1936 48 33 qui
1212 1946 17 28 y
1247 1937 98 28 tomba
1365 1938 18 28 il
1402 1943 45 31 fP

774 1975 130 35 quelques
921 1975 73 33 jours
1013 1974 189 39 acompttgtiéc
1222 1974 122 30 d'éclairs
1371 1982 26 22 &
1419 1970 34 30 dft

772 2020 148 24 tonnerre,
941 2013 30 27 fit
989 2013 35 28 du
1042 2022 98 30 ravage
1156 2013 67 28 dans
1241 2014 37 27 les
1296 2022 81 21 terres
1395 2013 54 28 bai'

772 2048 39 31 fes
830 2050 33 30 de
881 2061 28 19 ce
937 2049 103 40 païs-là
1057 2055 25 26 &
1100 2061 46 20 tua
1168 2049 118 32 diverfes
1312 2054 89 35 pièces

774 2100 64 25 gros
863 2094 26 25 &
915 2089 32 28 de
974 2100 81 20 menu
1084 2089 94 30 bétail.
1221 2089 106 31 Milord
1352 2087 97 40 Jaque*

774 2128 92 28 Ruflel
882 2139 113 19 mourut
1013 2130 33 27 ici
1067 2130 24 28 la
1109 2127 119 31 femaine
1246 2127 97 40 paflee,
1356 2134 26 25 Se
1395 2126 43 31 Mr
1440 2138 8 9 *

774 2167 156 31 Alexandre
946 2167 139 31 Forrefter
1103 2169 122 31 Ecoflois
1238 2186 8 14 j
1265 2178 40 20 un
1319 2170 46 31 des
1377 2170 71 28 Gcn'
