1509 2130
38 34 60 31 berg
110 50 7 12 ,
148 40 30 18 en
196 32 156 32 re.'jou'flaiice
369 32 30 25 de
416 38 25 18 ce
454 31 129 26 victorieux
595 30 96 32 fuccés,
709 32 26 26 fit

45 65 58 25 faite
120 73 46 18 une
182 67 66 30 triple
263 65 113 30 décharge
393 65 28 24 de
436 65 20 24 la
476 65 175 32 moulq.icteiie
666 65 25 24 Se
706 66 28 22 de

45 98 125 25 l'artilleiie
183 98 28 22 de
227 104 66 17 notte
308 97 96 27 armée,
426 104 43 15 nos
487 104 93 24 troupes
593 104 64 17 étant
671 98 52 24 d'au-

45 137 52 18 tant
116 131 51 30 plus
185 130 107 24 animées
313 131 28 21 de
360 136 37 17 ces
416 129 109 32 glorieux
546 131 119 28 exploits,
689 137 46 25 que

46 163 71 22 celles
135 163 28 22 de
182 163 113 22 l'ennemi
309 169 31 15 en
359 159 52 25 font
431 161 105 25 abattues
557 163 24 22 Se
602 163 89 31 pleines
706 163 28 22 de

52 194 184 25 coifletnation.

96 265 122 30 N.S.les
235 267 78 26 Etats
326 263 35 30 de
379 262 145 31 Hollande
550 265 25 28 &
595 265 122 30 deWeft-

52 304 63 30 fiife
131 304 25 27 fe
174 302 63 30 font
255 304 106 35 fépatés
386 313 70 26 pour
482 313 34 19 ne
534 304 24 28 fe
574 304 163 30 raflemblcr

52 352 56 26 que
125 341 25 28 le
168 352 27 24 7.
216 343 37 27 du
272 341 72 31 mois
367 341 148 35 prochain.
580 345 52 26 Les
652 344 67 27 Mini-

52 380 65 27 lires
132 379 47 28 des
197 381 111 27 Princes
325 379 263 31 Alliéscontinuem
600 380 14 28 à
632 380 25 30 fe
671 392 50 18 ren-

53 419 50 27 dre
119 419 14 27 à
150 418 122 28 Utrecht
298 426 71 28 pour
392 418 25 27 le
431 419 149 38 Congrès,
607 422 46 32 qui
672 419 14 27 à
704 430 32 19 ce

52 458 90 35 qu'on
156 457 40 30 dit
213 476 9 15 ,
239 465 103 30 pourra
358 456 169 31 s'aflcmblsr
543 459 22 27 le
591 462 44 24 1%.
654 458 34 30 de
705 468 31 20 ce

56 496 85 27 mois.

206 614 37 25 De
256 614 83 25 Paris
354 614 24 25 le
397 617 44 22 18.
456 614 132 25 Janvier.

92 650 43 28 Le
151 652 53 27 Roi
222 660 13 19 a
252 654 102 25 envoie
376 652 216 35 Mr.d'Aubigni
608 661 34 19 en
654 652 67 35 Efpa-

52 697 56 27 gne
124 698 70 25 pour
215 690 110 27 revenir
340 698 65 20 avec
425 692 35 26 les
478 692 262 33 Plénipotennaitcs

52 726 37 28 du
117 728 52 27 Roi
194 726 138 37 Philippe.
386 730 47 26 On
457 729 48 27 fait
529 731 33 26 ici
587 730 33 27 de
639 732 100 34 grands

52 764 167 35 préparatifs
236 776 70 25 pour
332 775 92 20 entrer
441 768 33 26 de
491 764 96 32 bonne
605 768 86 28 heuic
704 778 35 18 en

52 804 172 37 Campagne.
239 807 80 26 Tous
335 803 43 31 les
378 803 131 31 Officiers
524 815 51 19 ont
589 808 135 27 ordred'a-

52 842 60 26 voir
130 842 73 27 leurs
219 850 63 20 cors
300 843 138 33 complers
456 846 22 25 Su
501 853 34 18 en
553 844 57 27 état
626 854 71 25 pour
716 847 24 27 le

52 889 44 26 15.
115 882 91 32 Mars,
228 881 104 35 auquel
348 891 90 27 temps
456 881 38 27 les
509 883 172 32 Infpcét-urs
699 883 28 28 fe-

52 924 66 22 ront
136 919 22 27 ta
180 928 94 19 revue.
330 920 22 27 Il
371 920 38 27 tft
426 920 89 26 arrivé
542 932 32 17 au
595 925 92 24 Havic
706 925 34 26 de

52 957 89 26 Grâce
157 966 38 19 un
210 958 118 27 vaifleau
339 958 119 38 Anglois
474 959 102 38 char-gé
593 963 32 26 de
643 960 98 35 plomb

53 996 26 26 Si
98 993 117 28 d'eftain
230 1005 66 18 avec
314 997 139 34 pafleport
470 998 33 26 de
522 998 22 26 la
557 1000 87 25 Reine
661 1000 34 26 de
716 1004 21 25 la

52 1035 115 27 Grande
178 1036 149 35 Bretagne.
369 1036 56 27 Les
439 1033 94 30 lentes
552 1037 133 26 deCadix
702 1038 35 28 du

52 1081 45 26 14.
111 1071 37 28 du
167 1074 71 26 mois
253 1074 110 27 dernier
380 1083 128 25 portent,
524 1076 89 32 qu'on
630 1084 15 26 y
664 1078 76 26 avoit

52 1109 102 37 futpris
169 1109 72 28 deux
259 1111 111 37 efpions
384 1113 48 34 qui
456 1115 151 33 ptenoient
632 1114 25 27 le
673 1115 65 33 plan

52 1148 47 27 des
115 1148 201 28 fortifications
332 1148 33 28 de
384 1149 24 27 la
430 1150 77 34 place
521 1172 7 13 ,
552 1153 24 26 &
588 1150 84 32 qu'ils
687 1162 52 20 ont

53 1188 91 25 avoué
163 1187 69 34 qu'il
253 1196 17 28 y
287 1188 76 27 avoit
380 1199 37 17 un
435 1191 128 35 complot
581 1200 70 24 pour
669 1200 53 20 met-

52 1234 40 18 tre
111 1225 24 27 le
151 1225 44 27 feu
220 1234 54 18 aux
300 1226 137 37 magafins
514 1230 118 32 poudre.
671 1230 51 27 Plu-

52 1263 83 30 fleurs
150 1264 174 35 particuliers
332 1274 46 26 qui
398 1266 136 28 dévoient
548 1266 76 30 aider
644 1269 14 27 à
673 1278 50 18 cxc-

783 44 78 21 cutet
886 44 31 21 ce
939 34 104 31 deflein
1069 35 25 30 fe
1119 35 61 31 font
1204 35 93 31 fauves
1310 47 6 19 :
1337 37 51 28 Sur

783 73 58 31 l'on
856 74 128 35 renforça
1004 76 24 28 la
1037 77 94 28 Garde
1148 77 69 28 dans
1232 85 66 20 tous
1313 77 37 27 les
1369 69 92 41 poft's>

785 116 24 26 &
829 112 58 31 l'on
904 115 129 28 otdonna
1051 116 15 26 à
1083 124 64 19 tous
1166 113 38 30 les
1219 116 152 28 deferteurs
1387 107 76 31 venu*

784 152 34 27 de
839 152 163 34 Gibraltar,
1019 155 34 26 de
1080 152 80 28 fouir
1183 155 33 26 de
1232 155 91 28 Cadix
1346 152 66 27 dans
1433 149 27 27 «4

783 189 111 32 heures.
933 193 54 27 Ces
1006 190 94 30 lettres
1114 193 129 32 ajoutent
1259 195 91 34 qu'on
1368 200 15 28 y
1395 187 65 28 avoit

783 231 100 28 amené
908 240 38 18 un
971 229 116 28 vaifleau
1114 229 174 31 HoLJandois
1317 227 99 39 chargé
1434 221 27 28 de

783 267 70 30 cafTé
874 268 53 37 pris
945 278 46 25 par
1007 279 35 17 un
1063 270 146 26 Armateur
1224 270 131 35 François
1370 276 34 20 en
1421 261 40 30 de*

782 307 146 28 bouchant
953 307 24 27 le
996 308 125 27 Détroit.
1181 308 51 26 Par
1256 307 39 30 les
1318 307 93 30 lettres
1431 296 27 31 d*

782 347 157 35 Perpignan
956 346 35 26 du
1011 346 118 34 premier
1144 346 33 27 de
1194 356 32 19 ce
1250 347 72 28 mois
1337 356 39 20 on
1394 346 66 26 rnafl'

782 384 52 34 de,
865 384 70 34 qu'il
952 393 17 27 y
985 385 78 26 avoit
1083 385 58 27 avis
1163 384 33 28 de
1219 385 129 30 Gironne
1371 390 52 32 que
1441 376 18 14 '*

784 424 124 33 Marquis
939 424 34 26 de
997 424 118 27 Fiennes
1134 424 90 35 .étant
1254 424 89 28 arrivé
1368 418 91 34 devant

782 461 195 28 Oftalticavec
987 472 14 24 9
1013 470 37 19 ou
1065 462 124 27 iooooh.
1200 470 112 30 attaqua
1324 472 30 19 ce

782 501 26 26 «Se
827 509 17 27 y
861 509 78 19 entra
965 500 86 35 l'épée
1076 503 12 24 à
1115 501 24 27 la
1160 502 92 33 main,
1271 511 53 26 300
1342 496 115 33 homm*'
1468 502 2 30 j

782 537 34 30 de
831 548 118 26 troupes
976 539 105 35 réglées
1114 540 25 26 Si
1175 548 50 26 500
1247 542 151 32 Miquelêts
1421 535 48 45 a,»'>j

783 575 25 30 le
826 576 182 30 defendoient
1024 587 51 19 ont
1093 579 43 27 été
1156 581 59 24 tués
1234 587 37 19 ou
1297 581 65 32 pris.
1402 573 57 47 M«'j

785 625 111 20 comme
912 626 37 18 on
971 619 44 25 n'a
1035 617 80 33 point
1139 625 61 26 reçu
1220 626 71 20 cette
1309 613 151 39 nouvell*.'

784 654 126 28 droirure
924 653 71 35 ,elle
1011 652 70 31 n'eft
1097 654 128 34 peurêtre
1257 665 46 26 pas
1322 657 60 33 plus

785 703 56 25 que
856 704 30 17 ce
905 696 87 31 qu'on
1011 702 76 18 avoir
1106 693 94 34 publié
1226 694 35 26 du
1287 693 58 28 bon
1364 699 56 25 état

785 731 73 35 fiége
874 732 34 28 de
926 731 143 27 Catdone.
1121 733 53 25 Car
1200 742 39 19 on
1265 743 33 17 ne
1323 743 66 24 peut
1411 726 48 43 pi»'

785 769 102 28 douter
912 770 35 27 du
974 771 123 25 mauvais
1122 770 92 27 fuciès
1239 771 32 26 de
1290 781 72 19 cette
1380 770 81 30 entre'

787 809 87 34 piifc,
892 809 97 32 depuis
1005 809 128 26 l'arrivée
1147 809 66 26 d'un
1226 811 105 31 Exprès
1346 811 48 31 qui
1410 815 51 21 en*

787 849 98 28 aporté
901 848 25 26 le
943 848 84 26 détail
1048 856 32 18 au
1097 848 73 33 Roi,
1188 849 25 25 Si
1235 850 57 25 l'on
1316 849 39 28 dit
1374 849 87 26 haut

789 894 77 19 nv.nt
886 894 53 26 que
966 887 38 26 les
1022 886 152 37 Efpagnols
1199 887 24 26 &
1248 887 37 26 les
1303 887 128 38 François
1443 881 18 26 I*

788 922 60 28 fonr
874 926 94 24 retirés
991 933 66 18 avec
1082 926 21 25 la
1131 926 90 25 demie
1232 933 26 19 re
1277 924 180 38 précipitât!o'
1456 920 6 21 1

789 971 59 19 vers
875 963 111 27 l'armée
1004 964 34 27 du
1061 965 63 25 Duc
1141 965 33 25 de
1193 964 172 37 Vendôme,
1389 964 74 30 aban'

791 1000 128 28 donnant
947 1011 79 18 toute
1052 999 59 30 leur
1135 1000 135 30 artilerie
1284 1023 7 12 ,
1322 1004 38 27 les
1383 1007 63 24 nniH
1448 1003 15 19 1'

789 1041 74 26 tions
887 1042 26 25 &
940 1038 38 28 les
1002 1038 176 34 provifions,
1206 1043 22 22 &
1254 1041 70 32 qu'il
1354 1052 33 18 ne
1413 1031 57 37 «'««V

788 1076 80 28 ftuvé
883 1078 87 32 qu'un
987 1077 56 27 très
1063 1078 69 35 périr
1148 1077 118 27 nombre
1278 1080 33 27 de
1323 1078 142 31 fantaffin'l

787 1124 64 19 tout
867 1115 26 28 le
906 1115 70 28 relie
991 1124 78 20 aiant
1085 1115 44 30 été
1146 1119 46 26 tué
1207 1126 38 20 ou
1265 1119 65 34 pris.

894 1233 48 26 Les
958 1233 92 26 lettres
1067 1234 31 25 de
1106 1233 118 31 Londres
1239 1237 122 37 dui^.é
1362 1244 6 11 1
1384 1238 33 27 du
1428 1241 34 25 IV

791 1279 31 18 ne
840 1269 61 38 font
915 1280 48 26 pas
978 1273 133 26 arrivées.

93 1350 18 17 *
130 1351 44 25 On
189 1350 76 26 vend
276 1350 12 26 à
308 1350 74 26 Pâtis
398 1350 56 27 ebés
476 1352 30 26 P.
521 1351 93 28 Ribou
639 1355 126 27 Libraire
772 1354 54 39 fur
847 1356 24 27 le
893 1356 78 37 Quai
989 1357 43 26 des
1048 1357 163 39 Auguftins:
1238 1359 14 26 T
1265 1370 13 18 a
1297 1359 167 31 connoifTan*

53 1397 31 18 ce
103 1388 116 33 parfaite
236 1388 47 25 des
300 1387 145 37 chevaux,
468 1397 141 21 contenant
626 1394 25 25 la
667 1394 120 28 manière
808 1396 31 26 de
859 1396 34 26 les
907 1406 175 27 gouverner,
1107 1400 112 26 nourrir
1237 1402 31 28 e>
1281 1403 146 27 entretenir
1441 1396 21 26 >*

53 1427 50 26 bon
119 1434 73 24 cors,
209 1426 32 30 éf
255 1426 32 27 de
302 1427 35 28 les
354 1428 139 37 conferver
511 1439 31 18 en
557 1433 128 35 volages,
705 1441 65 18 avec
789 1442 37 19 un
848 1434 90 27 détail
952 1436 124 35 général
1093 1437 32 26 de
1147 1444 84 21 toutes
1245 1441 69 27 leurs

51 1465 41 28 des
104 1463 89 38 fignes
255 1466 41 27 des
313 1466 85 38 caufes
411 1468 61 27 d'où
490 1468 57 27 elles
560 1473 196 33 proviennent,
777 1474 41 25 des
835 1473 97 27 moïens
950 1475 32 25 de
1004 1475 33 25 les
1051 1478 132 33 prévenir
1193 1498 8 13 ,
1219 1480 78 27 &de
1312 1481 35 26 les
1363 1491 31 17 en
1409 1480 53 25 eu

48 1506 45 26 tir
105 1512 52 28 par
172 1505 41 26 des
229 1505 112 27 remèdes
358 1507 195 35 expérimentés
567 1509 87 37 depuis
670 1509 60 37 long
748 1515 79 31 temps
839 1531 5 8 ,
862 1512 31 28 &
909 1511 17 27 à
944 1513 26 25 la
984 1513 92 35 portée
1090 1515 31 26 de
1136 1521 58 21 tout
1217 1517 22 26 le
1257 1520 106 28 monde,
1375 1504 86 51 joint*

52 1552 51 18 une
118 1541 119 28 nouvelle
252 1541 158 38 inflruêlion
419 1546 53 35 fur
487 1546 22 26 le
524 1546 94 28 barras
632 1567 7 12 ,
656 1548 59 26 bien
728 1548 56 37 plus
801 1550 109 28 étendue
924 1559 48 27 que
989 1551 67 28 celles
1070 1553 47 35 qui
1140 1560 46 21 ont
1201 1561 70 31 paru
1287 1557 109 37 jufqu'à
1414 1554 48 39 ffK

45 1580 81 38 fent,
143 1581 54 37 afin
215 1581 118 28 d'élever
351 1585 30 25 de
397 1584 85 27 beaux
500 1585 83 30 &de
599 1587 60 27 bons
678 1587 122 37 poulains
813 1597 67 28 pour
893 1596 73 21 toute
978 1590 76 35 forte
1067 1592 118 39 Wufages
1235 1597 44 25 On
1297 1604 97 20 trouve
1408 1578 53 45 «S

47 1622 67 25 dans
132 1629 24 18 ce
171 1620 72 26 livre
260 1620 71 27 l'Art
347 1622 34 26 de
399 1631 111 19 monter
528 1624 13 26 à
560 1624 113 33 cheval,
694 1628 30 28 &
743 1628 32 25 de
788 1625 97 38 drefer
900 1629 34 27 les
951 1630 118 27 chevaux
1087 1632 32 26 de
1134 1632 107 38 manège
1253 1654 6 11 ,
1273 1635 56 27 tiré
1344 1644 51 18 non
1413 1630 48 39 fe*'

47 1659 96 26 lement
158 1658 44 26 des
217 1657 128 30 meilleurs
356 1662 120 26 Auteurs
489 1663 47 34 qui
553 1672 30 17 en
598 1670 46 20 ont
661 1665 152 32 écrit,mais
829 1676 90 19 encore
938 1669 31 26 de
979 1669 143 27 Mémoires
1137 1681 79 17 manu
1218 1671 78 35 faits
1309 1675 30 26 de
1348 1675 47 34 feu
1408 1669 48 30 .'''''

48 1696 182 34 d'Elcampe,
249 1697 25 27 le
288 1704 57 21 tout
366 1700 103 28 enrichi
481 1702 30 26 de
526 1702 102 37 figures
651 1711 32 19 e»
698 1703 187 37 taille^douce,
900 1715 35 19 un
954 1708 105 27 volume
1076 1709 27 26 in
1121 1711 27 25 8.
1165 1709 61 28 dont
1240 1711 24 26 le
1277 1713 66 32 prix
1357 1713 34 32 e/t
1410 1698 51 46 3•*

47 1744 64 18 vres
129 1743 32 18 10
169 1735 74 35 fous.

87 1774 44 26 On
145 1781 103 27 pourra
266 1783 91 20 encore
371 1783 93 21 mettre
482 1778 15 28 à
513 1780 168 28 Rotterdam
702 1781 15 27 à
735 1781 27 28 la
781 1782 129 31 Lottetie
926 1785 32 28 de
976 1786 204 38 Zevenbergen
1189 1787 128 37 jufqu'au
1335 1800 41 20 it.
1390 1788 15 30 à
1421 1775 40 38 »*

47 1812 47 34 di,
110 1813 77 35 après
200 1814 63 35 quoi
278 1824 33 18 on
325 1813 91 40 ferme
430 1815 163 38 abfo/ument
612 1820 34 27 les
663 1821 93 28 livres.

85 1894 25 30 A
125 1897 167 31 Rotterdam
305 1920 8 13 ,
322 1910 48 27 par
378 1899 26 31 la
420 1903 87 28 Veuve
521 1905 31 26 de
563 1905 81 28 Saint
653 1906 100 30 Glain:
775 1910 32 27 Et
822 1909 25 28 fe
855 1910 125 28 vendent
994 1910 65 30 chés
1072 1912 141 28 Abraham
1226 1913 91 30 Aéer
1332 1915 63 35 près

214 1938 35 26 de
265 1938 25 28 la
306 1941 120 30 Bourie:
444 1943 24 25 A
483 1941 27 30 la
526 1944 73 28 Haie
606 1944 66 30 chés
679 1949 27 26 la
724 1949 87 27 Veuve
826 1950 131 37 VjtwertJ
971 1950 64 38 près
1043 1950 33 30 de
1098 1950 27 30 la
1141 1955 98 33 Cour,
1257 1956 54 26 Sic.

161 2022 21 28 A
188 2030 50 21 vee
256 2024 19 30 P
285 2026 24 28 R
317 2026 74 33 IVI
402 2028 24 27 L
435 2029 21 28 E
467 2029 25 28 G
501 2030 61 28 Ede
569 2029 57 32 Nçs
634 2030 143 39 Seigneurs
790 2035 38 28 les
847 2035 79 30 Etats
933 2036 32 28 de
978 2036 132 31 Hollande
1128 2039 71 31 &de
1212 2035 144 43 Wefifrift:
