1446 3542
145 163 45 39 A
210 164 40 39 la
268 163 177 43 Gazette
456 169 45 34 de
511 168 252 48 Rotterdam,
788 171 48 40 du
857 188 65 41 25-.
941 176 177 53 Janvier
1152 196 102 39 tji%

106 757 86 32 Tous
209 759 43 33 les
269 772 202 26 mouvemens
487 767 109 43 qu'ont
611 768 57 33 fait
689 769 113 44 jufqu'à
820 780 83 26 cette
920 772 93 34 heure
1037 783 39 24 en
1091 771 207 39 Pomeranie,
1323 774 44 33 les

70 804 139 54 jJanois,
233 804 41 33 les
288 806 120 33 Saxons
425 811 32 30 &
476 809 43 32 les
536 810 206 39 Mofcovites,
763 816 90 30 n'ont
875 827 18 19 v
914 828 117 22 aucune
1048 816 71 34 fuite
1135 814 139 35 facheule
1291 826 77 32 pour

70 847 47 26 les
132 847 145 33 Suédois,
299 859 125 20 comme
441 850 35 30 ils
491 852 125 32 avoient
634 853 60 31 lieu
711 854 35 31 de
763 854 223 41 l'apréhendcr.
1018 861 52 31 On
1089 860 117 38 aprend
1220 869 58 28 que
1294 860 58 30 l'ar-

65 894 72 22 mée
154 887 137 32 Danoifc
314 888 149 38 décampa
488 893 27 30 le
533 901 25 26 7.
594 896 38 26 de
663 893 111 33 devant
810 895 178 34 Straaliund
1018 922 9 13 ,
1049 904 32 28 &
1104 905 100 32 arriva
1230 907 26 30 le
1280 912 44 24 10.
1348 902 19 31 à

65 930 152 30 àchwans
234 939 38 30 a_
299 930 93 32 lieues
412 932 38 31 de
463 931 128 33 Roftok.
617 933 44 30 Le
678 943 45 24 16.
738 937 58 32 elle
814 939 99 31 arriva
928 952 57 19 aux
1003 943 144 32 environs
1160 946 37 30 de
1214 946 156 35 Wifmar,

64 970 34 28 &
115 970 187 38 pourfuivoit
317 971 30 31 fa
361 974 125 26 marche
504 984 65 18 vers
587 974 26 28 le
633 973 149 32 Holftcin.
823 977 86 31 Dans
926 981 26 28 le
969 983 259 39 décampement,
1246 996 39 21 un

67 1017 85 30 parti
175 1010 38 31 de
241 1010 177 33 Straalfund
450 1013 105 39 voulu?
576 1015 125 32 tomber
724 1013 46 32 fur
791 1019 233 44 l'arnéregarde
1042 1045 8 14 ,
1078 1024 77 31 mais

66 1052 123 28 l>anois
204 1062 118 22 etoient
339 1052 131 35 alertes,
494 1055 41 31 les
561 1052 126 35 Suédois
712 1065 37 21 ne
771 1068 109 31 purent
901 1065 67 28 rien
994 1068 231 38 entreprendre.
1270 1070 81 35 Quel-

66 1098 77 47 ques
157 1101 152 30 regimens
328 1094 118 31 Danois
463 1094 201 35 hiverneront
685 1098 14 31 à
724 1097 135 39 Roftok,
881 1106 131 28 maison
1030 1106 92 32 allure
1148 1119 57 27 que
1220 1116 74 24 ceux
1311 1109 56 37 qui

69 1135 70 27 font
158 1136 125 38 campés
299 1137 110 30 devant
429 1136 152 37 Wifmar,
605 1137 28 33 fe
654 1140 167 34 retireront
841 1144 74 30 dans
933 1155 67 30 peu.
1044 1146 45 31 Le
1114 1149 105 40 Major
1234 1150 132 31 Général

67 1174 126 30 Craffau
209 1176 188 32 commande
418 1176 17 32 à
461 1181 119 34 prêtent
596 1180 73 32 dans
685 1191 81 25 cette
791 1185 142 32 dernière
950 1188 103 40 place,
1074 1189 31 30 &
1120 1189 63 32 l'on
1202 1193 107 37 patloit
1330 1191 39 32 de

67 1217 81 28 taire
164 1217 27 30 le
211 1226 105 31 procès
333 1218 13 31 à
367 1218 60 31 Mr.
444 1218 129 35 Sch'Utz
595 1221 14 31 à
628 1222 51 39 qui
700 1222 22 31 il
745 1251 14 5 _
783 1225 141 37 fuccédé,
950 1239 74 31 pour
1048 1230 85 32 avoir
1159 1230 56 32 fait
1237 1233 79 32 faire
1337 1233 32 31 la

66 1263 54 22 ma
138 1258 125 31 hnreufe
281 1258 89 33 forue
385 1260 76 32 dont
477 1261 24 31 il
529 1273 14 19 a
567 1263 46 31 été
635 1264 92 39 parlé.
771 1266 44 31 Le
835 1266 61 32 Roi
918 1269 37 32 de
973 1271 178 32 Danemarc
1173 1273 76 31 étoit
1270 1285 87 22 atten-

67 1300 41 25 du
126 1300 27 26 le
170 1306 46 27 24.
236 1310 17 19 a
269 1300 203 41 Rensbourg,
495 1302 40 32 où
552 1305 21 28 il
592 1304 142 43 pafTeroit
749 1309 145 41 quelques
911 1311 81 39 jours
1010 1324 72 30 pour
1107 1324 110 22 mettre
1239 1318 92 30 ordre
1352 1317 19 31 à

70 1343 143 34 plulicurs
227 1343 136 34 affaires,
384 1345 31 27 &
431 1355 165 20 continuer
611 1349 118 31 enluite
746 1349 26 31 fa
789 1359 85 24 route
895 1362 66 22 ver>
979 1354 184 34 Coldin-ue.
1194 1355 45 33 Ce
1257 1356 116 34 Prince

70 1387 19 21 a
104 1388 111 24 envoie
229 1393 37 20 au
286 1382 99 32 Baron
402 1384 37 32 de
458 1385 229 33 Leeuwendaal
706 1400 38 21 en
762 1391 194 41 Noiwéguc,
978 1406 39 19 un
1036 1382 124 53 Exprès-
1169 1408 73 28 pour
1264 1398 27 31 le
1311 1398 50 31 fai-

70 1429 34 21 re
123 1430 139 28 revenir,
285 1426 31 30 &
333 1424 60 31 l'on
418 1428 44 28 dit
484 1437 57 31 que
561 1427 33 31 S.
613 1430 43 28 M.
673 1429 137 35 Danoile
831 1443 39 20 en
894 1435 117 40 rapclle
1031 1439 70 30 aufli
1126 1437 141 38 plufieurs
1289 1439 63 37 régi-

72 1470 91 22 mens
178 1473 76 30 pour
268 1475 65 21 être
350 1467 151 40 emploies
517 1469 137 33 ailleurs.
1364 1474 5 5 '

105 1543 64 32 Les
183 1545 105 33 lettres
302 1548 222 41 d'Allemagne
541 1552 131 33 arrivées
686 1556 181 39 aujourdhui
882 1567 38 21 ne
934 1560 123 32 roulent
1072 1571 57 28 que
1147 1561 46 32 fur
1207 1564 145 35 l'cmpref-

67 1586 123 30 fement
207 1598 72 22 avec
296 1589 102 43 lequel
420 1592 41 30 les
478 1593 129 31 Cercles
621 1596 31 30 &
670 1594 87 32 Etats
781 1599 35 30 de
840 1598 151 43 l'Empire
1018 1603 176 31 travaillent
1217 1606 17 28 à
1257 1606 112 31 rendre

67 1631 85 26 leurs
171 1637 123 33 troupes
311 1633 184 39 complettes
514 1644 76 31 pour
607 1645 104 20 entrer
725 1638 37 30 de
777 1639 100 32 bonne
895 1642 92 32 heure
1004 1654 39 22 en
1061 1644 198 40 Campagne,
1283 1648 71 30 d'au-

71 1674 67 24 tant
157 1680 39 30 qu
210 1680 39 20 on
268 1672 41 30 eft
331 1672 132 31 informe
487 1685 57 30 que
569 1676 43 30 les
635 1677 146 38 François
802 1683 182 30 redoublent
1015 1685 79 32 leurs
1121 1688 180 37 préparatifs
1328 1698 41 20 en

69 1711 115 30 Alface
201 1721 76 30 pour
302 1714 104 31 tacher
430 1715 37 31 de
493 1715 142 41 prévenir
664 1719 40 32 les
723 1714 172 40 Àllemam.
954 1723 129 34 Suivant
1104 1729 43 30 les
1173 1729 60 31 avis
1254 1729 38 31 du
1315 1729 56 31 bas

67 1754 89 26 Uton
170 1754 39 27 du
228 1762 44 21 22.
291 1754 28 30 la
338 1757 81 30 levée
437 1757 52 31 des
506 1766 123 31 troupes
643 1760 35 30 de
697 1760 137 35 Ho'ftein
849 1774 19 28 y
885 1763 41 32 eft
946 1766 150 37 achevée,
1115 1770 32 28 &
1162 1770 44 30 les
1220 1770 150 32 Officiers

67 1799 58 21 ont
142 1796 124 27 marche
287 1805 65 22 vers
383 1796 79 32 leurs
482 1796 165 40 garnifons.
711 1802 60 31 Les
793 1815 99 21 autres
915 1806 96 33 levées
1035 1817 73 32 pour
1133 1809 41 33 les
1196 1811 99 32 Alliés
1323 1812 45 37 s'y

64 1835 72 26 lont
154 1835 69 30 aufll
241 1846 72 20 avec
330 1838 159 41 beaucoup
508 1839 34 31 de
561 1838 116 40 fuccès,
698 1844 39 31 de
758 1847 136 32 manière
913 1850 91 38 qu'ils
1018 1850 139 32 efiérent
1181 1856 84 28 avoir
1278 1854 76 30 bien-

69 1881 51 20 tôt
136 1878 79 28 leurs
241 1887 122 24 recrues
384 1881 197 39 complètes.
643 1883 54 31 On
719 1887 136 30 travaille
879 1898 14 19 a
917 1890 157 31 Mulheim
1097 1893 73 31 dans
1194 1896 26 31 le
1245 1905 63 27 pais
1330 1896 39 31 de

59 1920 145 34 JBergue,
228 1929 15 19 a
266 1926 54 32 300
344 1920 156 32 machines
516 1932 38 21 en
572 1923 100 30 forme
686 1924 38 31 de
739 1925 106 35 féaux,
868 1926 74 32 dont
958 1931 135 30 chacune
1109 1933 43 30 eft
1166 1936 45 30 de'
1228 1938 25 27 la
1274 1946 77 26 gran-

65 1958 78 28 deur
157 1959 72 31 d'un
248 1959 85 32 demi
350 1971 151 24 toniieau:
523 1964 27 30 Il
573 1972 20 30 y
613 1972 38 21 en
673 1965 84 31 avoit
770 1965 69 41 déjà
859 1976 34 33 30
909 1970 195 40 d'achevées,
1126 1976 32 30 &
1172 1977 74 31 elles
1260 1987 89 21 coûte-

65 2006 73 22 ront
156 2009 56 22 une
228 2002 107 40 piftole
352 2006 28 30 la
398 2004 96 40 pièce.
535 2004 128 31 Chacun
680 2006 41 32 eft
744 2009 124 33 curieux
891 2013 38 32 de
946 2015 65 31 voir
1025 2017 15 28 à
1067 2019 73 34 quoi
1161 2019 77 32 elles
1261 2019 104 32 feront

72 2043 182 35 cmploiees.

105 2120 54 32 On
178 2121 76 33 écrit
276 2122 38 33 de
338 2124 105 39 Paris,
471 2135 59 33 que
548 2130 106 39 depuis
680 2132 27 30 le
731 2132 105 40 départ
857 2134 53 30 des
934 2135 292 40 Plénipotentiaires
1248 2140 115 32 dußoï

66 2170 79 32 pour
163 2165 150 35 Utrecht,
337 2178 40 19 on
387 2169 65 31 leur
475 2179 14 20 a
501 2172 106 28 envoie
624 2171 139 40 pluficurs
777 2172 112 41 Exprès
905 2176 50 39 qui
978 2176 15 30 à
1017 2186 33 21 ce
1064 2180 92 35 qu'on
1180 2179 92 31 affure
1296 2181 69 32 font

66 2204 126 39 chargés
208 2206 137 31 d'ordres
361 2209 129 35 preflans
516 2222 76 30 pour
613 2216 143 37 propoler
781 2225 57 21 une
861 2215 167 44 fufpenfion
1043 2219 157 40 d'armes,
1221 2223 78 33 mais
1320 2233 44 24 ou

67 2245 94 30 doute
180 2255 58 31 que
254 2246 43 32 les
313 2249 96 32 Allies
435 2259 18 26 y
476 2251 137 33 donnent
630 2254 41 32 les
686 2257 109 31 mains.
835 2259 54 31 On
913 2262 111 40 parloir
1050 2263 143 31 d'établir
1219 2268 146 35 quelques

65 2289 163 28 nouvelles
253 2298 103 25 taxes,
431 2293 138 33 dixième
594 2296 110 32 denier
719 2309 38 21 ne
781 2302 176 38 produifant
973 2313 52 30 pas
1041 2302 71 31 affés
1131 2314 76 30 pour
1221 2309 6 25 I
1253 2304 111 33 bCxnic

69 2331 156 27 auxfraix
241 2331 38 30 de
300 2334 26 27 la
344 2331 191 41 Campagne.
598 2337 45 31 Le
669 2340 156 44 Maréchal
844 2346 37 27 de
907 2344 115 30 Bezons
1044 2344 105 31 de\oit
1173 2347 92 37 partir
1290 2349 74 30 dans

66 2376 64 31 peu
145 2372 37 28 de
197 2380 81 30 jours
295 2382 73 30 pour
384 2373 200 46 Strasbourg,
607 2380 58 30 afin
690 2379 35 32 de
750 2381 77 31 faire
849 2383 43 31 les
913 2383 189 39 difpoficions
1122 2388 177 31 néceffaircs
1324 2400 40 21 en

69 2413 115 30 Alface
201 2421 73 31 pour
289 2424 104 22 entrer
411 2417 38 31 de
464 2417 99 32 bonne
576 2420 90 31 heure
683 2430 38 20 en
743 2421 177 41 Campagne
937 2435 73 21 avec
1026 2437 57 20 une
1109 2430 182 33 nombreufe
1315 2443 34 19 ar-

67 2460 90 25 mée,
178 2456 32 28 &
227 2464 11 20 s
253 2456 107 39 opofer
376 2466 58 21 aux
449 2458 130 33 deffeins
601 2463 51 28 des
671 2460 178 40 Allemans,
873 2465 27 30 la
926 2465 84 33 Cour
1031 2469 176 39 n'ignorant
1232 2481 48 26 pas
1303 2481 61 26 que

70 2494 11 26 I
96 2494 174 39 Empereur
285 2507 15 19 a
315 2499 96 30 réfolu
426 2499 38 32 de
481 2499 77 34 faire
574 2502 37 32 de
626 2504 110 38 grands
750 2504 102 33 efforts
868 2506 37 30 de
926 2518 35 21 ce
980 2509 115 32 côté-la

106 2575 54 31 On
180 2578 112 30 mande
313 2578 17 30 d
346 2578 155 39 Utrecht,
522 2593 59 31 que
599 2583 27 31 le
652 2587 144 39 îo.'après
820 2589 76 32 midi
920 2591 149 40 l'Evêque
1089 2593 38 32 de
1149 2594 110 33 Briftol
1278 2598 33 30 &
1333 2594 31 37 !é

71 2622 116 26 Comte
209 2622 38 28 de
268 2622 156 30 btrafford
448 2622 103 32 furent
578 2635 39 21 en
646 2628 182 34 conférence
852 2641 72 22 avec
947 2635 43 28 les
1011 2634 291 40 Plénipotentiaires
1324 2640 40 31 de

70 2659 158 31 Hollande
247 2670 37 19 au
300 2663 161 38 logement
474 2665 38 32 de
528 2666 61 31 Mr.
607 2668 96 39 Buys,
726 2670 50 38 qui
796 2674 91 37 partit
913 2674 26 31 le
961 2683 45 30 23.
1028 2686 73 27 pour
1127 2678 73 30 aller
1222 2676 76 33 faire
1324 2691 40 19 un

69 2708 72 20 tour
163 2711 15 19 a
206 2702 208 32 Amfterdam.
477 2706 61 32 Les
557 2708 157 33 Miniftres
730 2712 37 28 de
793 2713 118 34 France
934 2717 161 31 attendent
1115 2728 111 21 encore
1250 2721 26 30 la
1299 2721 69 34 plus

71 2743 117 35 grande
204 2752 96 30 partie
318 2744 37 31 de
372 2746 79 28 leurs
468 2747 139 39 bagages.
650 2750 44 31 Le
710 2760 47 20 20.
772 2764 35 19 au
831 2753 57 31 foir
914 2756 28 31 le
965 2757 141 40 Marquis
1128 2759 48 28 dcl
1201 2761 99 35 Borgo
1323 2767 41 26 urf

72 2783 54 30 des
144 2783 292 43 Plenipotentiaues
450 2787 39 31 du
508 2789 70 31 Duc
594 2791 37 30 de
650 2787 109 35 S-voie
776 2796 97 31 arriva
895 2796 201 38 àAJtrecht,
1126 2800 35 30 de
1180 2800 103 33 même
1304 2813 63 26 que

73 2822 58 31 Mr
158 2822 78 33 Salis
254 2825 142 31 Miniftre:
412 2826 51 32 de*
482 2828 133 32 Grifons.
657 2832 28 30 Il
707 2833 51 39 n'y
781 2846 15 19 a
820 2846 48 30 pas
889 2822 182 56 dfparencc
1096 2850 57 30 que
1179 2841 189 35 l'ouverture

74 2868 40 26 du
131 2868 136 38 Congres
285 2868 28 31 fe
328 2868 94 40 puifïe
437 2869 78 33 taire
530 2881 91 22 avant
639 2872 28 32 le
681 2884 275 26 commencement
970 2880 39 31 du
1031 2883 78 30 mois
1127 2884 158 38 prochain.

118 2946 46 31 Le
176 2947 115 33 Comte
308 2949 37 33 de
361 2950 141 33 Tarucca
528 2954 223 35 Ambaffadeur
767 2959 37 32 de
821 2961 203 41 Portugalqui
1042 2963 73 31 n'eft
1130 2976 50 27 pas
1194 2965 78 38 parti
1291 2976 105 27 pour»

85 2992 137 28 Utrccbt
237 2992 70 28 ainfi
326 3002 57 28 que
402 2994 27 30 le
444 2994 81 30 bruit
542 3006 38 21 en
595 2999 83 31 avoit
693 3009 94 20 couru
804 3022 8 13 ,
834 3002 131 40 dépêcha
980 3005 89 40 Jeudi
1080 3015 38 19 un
1128 3005 115 40 Exprès
1259 3018 34 20 au
1306 3009 65 32 Roi

78 3033 54 26 lon
149 3033 125 28 Maître.
315 3033 103 31 Lundi
433 3035 43 31 les
496 3035 157 34 Miniftres
677 3040 177 41 Impérianx
874 3054 38 20 en
927 3056 48 28 ex,
989 3046 133 30 édiérent
1142 3056 39 19 un
1205 3059 35 19 au
1258 3050 115 32 Prince:

78 3073 129 37 Eugène
229 3081 39 21 en
292 3074 210 40 Angleterre,
535 3077 43 32 où
594 3081 61 28 Mr.
674 3080 60 32 San
750 3081 126 32 Scvarin
899 3085 41 31 eft
961 3087 57 28 allé
1049 3094 76 31 pour
1144 3089 144 33 exécuter
1311 3102 38 19 vn
1352 3104 19 21 C

79 3113 208 31 Commiflion
305 3116 35 31 de
366 3117 27 30 la
410 3126 66 28 part
497 3119 38 31 de
563 3120 169 32 l'Electeur
763 3124 132 32 Palatin.
956 3126 53 30 On
1024 3126 47 28 dit
1088 3137 57 30 que
1254 3132 117 34 vandec

80 3156 119 30 Duflcri
215 3165 12 26 ;
248 3156 183 32 Moermont
448 3161 31 30 &
494 3159 145 41 Goflinga
658 3163 288 41 Plénipotentiaires
966 3169 38 30 de
1023 3167 96 32 l'Etat
1141 3181 53 21 ont
1214 3172 97 31 diferé
1333 3177 40 32 de

83 3198 150 39 quelques
253 3198 80 37 jours
357 3200 63 31 leur
433 3200 106 39 départ
556 3211 77 32 pour
648 3203 145 34 Utrech'r.
835 3208 46 31 Le
895 3208 115 32 Comte
1026 3209 37 31 de
1082 3211 190 33 Mctternich
1298 3214 54 34 Plé-

85 3247 222 32 nipotentiaire
321 3240 38 31 du
376 3241 61 30 Roi
454 3242 37 31 de
509 3243 102 32 Prviffe
625 3267 8 13 ,
654 3248 98 28 arriva
770 3257 86 20 avant
874 3249 65 31 hier
960 3250 14 30 à
998 3252 31 31 la
1042 3250 92 33 Haie.
1176 3256 53 27 On
1245 3254 77 35 écrie
1337 3257 37 31 de

86 3280 162 35 Flandres,
256 3292 57 31 que
331 3285 41 28 les
390 3283 145 41 François
554 3286 85 30 aïant
661 3287 89 30 voulu
772 3289 169 33 introduire
965 3302 39 20 un
1023 3293 118 30 Convoi
1166 3293 72 32 dan<
1261 3298 113 32 Arras,

85 3332 57 22 nos
163 3332 125 31 troupes
309 3324 51 44 qui
394 3322 65 32 font
483 3325 45 31 fur
550 3326 28 31 la
600 3325 146 34 frontière
770 3330 77 32 l'ont
869 3334 120 40 attaqué
1011 3335 30 30 &
1064 3333 94 32 défait
1182 3337 136 32 l'cfcorre
1333 3337 39 31 de

91 3366 149 33 manière,
249 3374 58 28 que
324 3374 65 20 tout
406 3366 27 30 le
451 3366 119 32 Convoi
587 3367 43 32 eft
646 3370 104 32 tombé
765 3381 86 24 entre
868 3385 54 20 nos
937 3374 109 33 mains.
1085 3374 53 33 On
1156 3386 39 22 en
1213 3378 104 34 attend

81 3406 226 40 particularités
322 3417 53 30 par
389 3407 30 32 le
439 3417 138 31 premier
594 3411 168 32 ordinaire.

360 66 765 57 SUPLEMENT

70 269 40 40 Si
130 269 80 40 i'on
230 269 40 40 en
291 269 80 40 peut
391 269 120 40 eroire
531 269 161 40 quelques
712 269 141 40 lettres
873 269 40 40 de
933 269 181 40 Caminiek,
1134 269 40 40 on
1194 269 40 40 ne
1254 269 120 40 douoic

210 321 51 30 pas
276 322 58 30 que
352 313 26 28 la
393 322 107 28 guerre
519 322 35 20 ne
575 317 231 40 recommençât
822 330 86 24 entre
932 324 43 31 les
990 325 98 31 Turcs
1108 331 30 27 &
1154 331 44 30 les
1215 332 138 30 Mofcovi-

209 361 66 25 tes,
295 354 32 28 &
345 352 61 30 lon
431 353 129 37 publient
580 363 105 22 même
699 365 58 31 que
777 359 31 30 le
830 358 107 34 Sultan
959 364 94 31 feroit
1076 367 27 27 la
1126 369 181 39 Campagne
1329 381 40 21 en

206 392 159 48 personne.
407 392 52 30 On
478 403 126 31 marque
620 394 67 30 aufli
709 407 57 28 que
781 399 44 30 les
841 402 118 39 Otages
972 405 189 32 Molcovites
1182 412 123 28 avoient
1319 415 50 30 été

204 442 113 20 arrêtes
331 433 37 30 de
385 442 145 21 nouveau.
572 433 46 31 Le
637 435 141 32 Vaivode
796 439 37 30 de
848 441 116 32 Kiovic
984 445 76 28 étoic
1074 446 57 30 allé
1153 450 15 28 à
1191 450 162 34 Conftanti-

85 472 94 41 noplc
196 474 38 32 de
249 475 27 30 la
294 483 65 31 part
376 475 39 30 du
431 472 60 31 Roi
509 474 37 32 de
561 472 117 39 Suéde,
703 480 32 28 &
756 480 27 27 le
800 478 84 32 Kam
907 483 52 28 des
976 483 146 34 Tartarcs
1143 491 157 33 paroifloit
1324 496 32 28 ré-

83 515 67 30 folu
169 515 37 31 de
221 514 27 31 fe
263 524 113 30 vanger
390 517 38 27 de
443 516 172 39 l'irruption
637 526 57 31 que
712 519 40 28 les
769 519 183 33 Mofcotires
967 533 53 20 ont
1044 524 74 33 faite
1143 531 46 30 fur
1215 533 43 32 fes
1272 544 12 19 t
1305 544 65 21 rres

73 554 139 41 pendant
227 555 50 30 fon
294 554 138 31 abfence.
463 554 53 30 On
533 556 76 28 écrit
624 556 35 30 de
678 555 274 45 Couftantinopie,
973 573 58 30 que
1054 567 28 30 le
1097 569 104 33 Grand
1217 573 152 32 Seianeur

72 605 83 21 avoit
169 595 57 30 fait
248 594 117 39 prefent
381 605 37 20 au
444 593 63 32 Roi
522 595 37 32 de
574 595 98 32 Suéde
694 599 37 31 de
754 607 65 22 tous
841 601 44 31 les
907 602 87 32 biens
1018 607 167 39 confifqués
1204 615 40 27 du
1260 615 107 31 Grand

70 635 223 39 Vifudépofé,
314 637 32 28 &
361 645 57 30 que
433 637 69 32 cela
516 637 104 33 devou
644 638 94 34 fervir
759 648 39 24 en
822 643 98 40 partie
943 645 17 30 à
980 645 31 32 fa
1030 646 176 35 fublïftance
1231 656 138 31 pendant

70 676 54 30 fon
138 676 97 39 iejour
255 686 17 21 a
294 676 132 35 Bcnder.
