1486 2343
35 35 169 43 Auvregem.
247 39 38 28 Le
307 46 45 20 n.
380 45 34 21 au
439 35 57 28 foir
522 35 24 28 le
565 35 164 28 Lieutenant

37 76 123 30 Général
177 76 138 43 Cadogan
333 76 90 30 arriva
439 76 47 28 ici.
526 76 69 28 Hier
615 85 33 18 au
669 80 46 22 nfa-

38 124 41 19 tin
99 116 281 40 leGénéralLumley
399 116 90 28 arriva
506 113 77 33 aufli,
596 117 25 26 &
633 117 98 37 l'apres

39 154 73 28 midi
130 155 24 28 le
172 158 61 27 Duc
252 155 163 31 d'Ormond
426 175 8 13 ,
448 154 22 30 le
480 156 105 27 Comte
602 152 33 30 dc
648 152 71 30 Straf-

40 191 65 31 ford
129 198 26 25 &
175 194 131 39 plufieurs
331 203 90 19 autres
439 193 151 30 Généraux
608 204 15 27 y
643 193 77 28 entrè-

40 242 60 18 rent
118 244 34 18 au
170 235 76 28 bruit
262 233 38 28 du
317 242 100 19 canon.
458 234 35 27 Ils
513 231 126 28 dinerent
669 230 65 31 chés

43 274 61 28 Mr.
123 270 119 31 Hidfon
269 270 197 32 Commilïairc
487 272 137 40 Anglois,
654 274 27 25 &
702 272 32 28 ils

35 309 98 31 •furent
154 311 215 40 complimentés
396 322 48 28 par
470 312 37 28 les
530 309 159 39 Magiftrats
707 314 27 25 &

41 351 26 27 le
85 348 138 32 Préfident
249 352 38 30 du
304 351 116 30 Confeil
435 350 47 32 de.
493 350 142 30 Flandres.
674 351 25 26 A
717 361 15 25 7

44 387 98 32 heures
167 390 38 31 du
229 390 56 30 foir
308 391 24 28 le
366 393 61 26 Duc
451 387 164 31 d'Ormond
647 387 53 30 alla
719 387 17 31 à

44 429 143 30 Nazareth
206 429 14 31 à
237 441 53 19 une
307 430 70 30 lieue
394 433 27 26 Se
439 429 76 30 demi
533 429 65 28 d'ici
612 448 8 13 ,
637 426 39 31 où
696 426 39 31 fes

43 477 112 30 troupes
174 469 104 30 étoient
294 469 118 30 arrivées
428 468 25 30 le
469 468 96 31 même
580 468 71 35 jour.
689 467 31 31 El-

43 507 39 28 le:
102 517 13 27 y
135 507 61 30 font
213 508 72 30 halte
301 507 187 39 aujourdhui,
517 511 26 26 &
565 506 113 31 demain
697 507 26 28 el-

45 544 39 27 les
103 555 163 31 camperont
288 557 54 19 aux
361 548 130 28 environs
509 546 34 31 de
559 544 176 41 Zwyngardc

47 580 64 43 près
128 585 33 31 dc
185 586 126 30 l'Efcaut.
351 589 39 26 La
404 586 131 43 garnifon
554 583 132 41 Angloife
703 585 33 30 de

34 650 2 2 .
46 633 80 20 notre
152 625 116 31 château
291 637 17 18 a
324 625 44 30 été
393 625 141 30 renforcée
550 625 33 30 dc
602 625 132 39 quelques

45 667 183 39 compagnies
246 665 34 30 de
298 677 41 18 ces
356 674 111 31 troupes
481 686 7 13 ,
517 664 69 31 dont
604 674 37 19 un
658 663 35 30 dé
706 674 14 19 a-

46 702 129 32 chement
200 705 61 30 s'eft
285 705 99 39 campé
409 704 167 38 aujourdhui
598 713 34 20 au
650 702 86 32 deflus

46 742 34 30 de
100 744 184 31 Mirikerken
311 748 63 38 près
398 745 38 28 du
454 745 87 28 Canal
566 744 33 28 dc
618 746 115 37 Bruges.

48 782 48 28 On
122 785 56 26 cuit
202 785 35 27 ici
270 784 37 30 du
326 785 65 39 pain
409 795 71 30 pour
496 794 43 18 ces
554 793 112 28 troupes
679 802 7 12 ,
709 787 26 25 &

44 820 28 27 le
89 822 57 37 plat
162 826 64 38 pais
243 822 40 31 eft
300 823 96 40 obligé
422 823 33 28 de
474 822 109 30 fournir
602 822 37 28 les
658 820 61 31 four-

45 866 80 31 rages
143 862 157 30 néceffaires
320 862 56 30 àla
393 862 143 31 cavalerie.
575 863 48 26 On
643 859 85 31 affure

47 905 53 31 que
117 898 27 28 la
161 901 130 38 garnifon
307 902 34 30 de
359 912 66 21 cette
450 904 65 28 ville
540 900 58 31 fera
624 899 96 30 renfor-

46 935 47 31 cée
111 935 34 31 de
162 943 13 25 8
193 939 148 31 bataillons
351 943 142 27 Allemans
503 946 27 24 Se
541 940 181 30 Hollaudois.

196 984 39 24 De
249 984 138 24 Bruxelles
404 984 24 25 le
446 993 31 20 25.
497 984 94 30 Juillet

84 1022 50 26 On
152 1022 100 26 mande
278 1022 46 27 des
340 1022 169 31 frontières,
528 1031 54 28 que
598 1022 25 27 le
641 1022 74 30 Maré-

47 1057 61 30 chal
128 1059 33 28 de
178 1059 100 28 Villars
304 1070 17 18 a
344 1059 47 30 des
409 1059 96 30 ordres
524 1059 105 40 pofîtifs
647 1059 34 30 de
698 1062 35 30 fe.

47 1098 93 28 courir
167 1098 148 28 Landrecis
343 1100 15 27 à
400 1098 118 39 quelque
544 1100 63 37 prix
632 1109 54 28 que
705 1111 28 18 ce

46 1135 65 28 foie.
151 1137 48 26 On
217 1137 40 26 dit
274 1137 94 26 même
385 1144 54 28 que
465 1143 71 28 pour
554 1142 43 18 cet
611 1137 84 26 effet,
715 1139 19 21 if

47 1183 17 19 a
81 1173 103 30 mandé
209 1175 38 27 les
272 1172 145 40 garnifons
435 1172 34 30 de
485 1170 117 32 Condé,
626 1170 33 30 de
679 1170 37 28 Va-

47 1214 155 27 lenciennes
221 1218 27 24 &
267 1214 115 27 d'autres
400 1212 90 39 places
507 1221 71 27 pour
595 1209 138 30 renforcer

47 1252 51 28 fon
109 1252 102 28 armée.
250 1254 37 26 Le
301 1253 74 27 bruit
385 1261 78 18 coutt
474 1261 52 27 que
536 1250 24 27 le
572 1250 97 28 Prince
678 1251 37 28 Eu-

47 1292 71 41 gène
135 1302 17 19 a
167 1291 104 30 envoïé
287 1289 52 30 fon
365 1289 70 28 Aide
461 1289 32 30 dc
509 1291 91 37 Camp
619 1299 35 19 au
672 1290 61 28 Duc

47 1329 164 31 d'Ormond
230 1346 8 13 ,
259 1338 71 28 pour
356 1329 38 30 lui
412 1328 151 31 demander
588 1330 143 38 pourquoi

46 1369 21 27 il
87 1368 104 27 n'avoit
208 1377 47 30 pas
274 1367 69 32 fuivi
361 1369 27 28 la
406 1378 77 20 route
494 1370 50 39 qui
560 1369 39 28 lui
608 1369 74 28 avoit
692 1367 41 30 été

46 1407 135 40 marquée
190 1417 81 20 avant
283 1407 27 31 fa
328 1408 165 39 féparation.
539 1409 37 27 Le
582 1409 71 28 Cors
672 1406 61 32 fous

46 1444 25 31 le
92 1449 92 35 Major
201 1447 122 30 Général
339 1447 165 30 Grovcftcin
513 1446 38 31 eft
568 1447 112 30 attendu
689 1447 31 30 de-

46 1488 79 27 main
137 1498 34 19 en
189 1498 67 18 cette
274 1488 74 28 ville.
389 1491 50 26 Sur
458 1488 76 27 l'avis
557 1496 53 31 que
627 1487 24 28 le
671 1489 43 26 Ma-

46 1526 92 30 réchal
157 1527 33 27 dc
208 1528 103 28 Villars
335 1528 76 27 avoit
428 1528 83 27 ordre
533 1527 143 27 d'envoïer
697 1537 37 18 un

46 1576 65 31 gros
130 1566 194 30 détachement
339 1567 34 28 de
389 1578 30 18 ce
444 1566 102 30 côté-ci
572 1576 71 31 pour
667 1564 66 31 faire

47 1605 139 28 divcrfion
203 1626 9 13 ,
233 1617 35 18 en
286 1617 44 18 cas
350 1607 67 39 qu'il
428 1617 33 18 ne
478 1606 85 40 puifle
585 1615 47 30 pas
643 1603 77 32 fecôu-

46 1646 38 26 rir
103 1646 146 28 Landrecis
269 1667 8 12 ,
307 1657 71 19 nous
403 1656 71 20 nous
501 1656 99 20 tenons
626 1642 43 33 fur
685 1656 48 18 nos

46 1684 109 35 gardes.

193 1729 39 24 De
248 1729 27 24 la
292 1729 70 24 Haie
378 1729 15 26 le
393 1729 72 26 27.
483 1729 104 28 Juillet.

84 1766 107 25 Meffrs.
210 1766 34 26 de
263 1766 164 26 Randwyk,
441 1767 169 25 Moermont
627 1767 27 25 &
676 1767 39 25 Go-

783 34 89 41 fliaga
888 34 61 30 font
967 35 144 31 retournés
1122 37 14 31 à
1153 37 126 31 Utrecht.
1319 35 35 30 Le
1367 34 71 27 Coi"'

783 74 34 28 de
837 73 171 32 Sinzendorf
1032 87 15 28 y
1076 76 39 30 eft
1140 77 97 40 depuis
1263 74 102 33 Lundi.
1403 67 15 27 L

783 113 90 39 vêque
882 113 33 31 de
927 113 99 31 Briftol
1044 115 60 31 doit
1116 128 15 19 v
1143 119 78 27 avoir
1232 116 104 31 délivre
1352 122 32 20 au

785 152 64 43 grès
868 165 52 18 une
930 155 93 39 ample
1043 156 181 30 Déclaration
1243 167 47 31 par
1309 154 65 32 éc;it
1389 146 37 31 fur

785 194 180 37 conjoncture
985 194 141 38 prefente,
1148 200 26 25 Se
1191 197 58 27 l'on
1266 195 84 30 afTnrc
1368 195 46 35 que
1427 185 5 37 |

787 230 145 31 Miniftres
950 233 34 28 dc
996 236 100 27 France
1106 246 33 18 en
1149 234 93 30 feront
1252 235 65 31 aufli
1328 241 59 22 une.
1403 228 41 52 y*

787 281 34 19 au
839 273 90 27 matin
945 272 20 28 il
984 274 92 28 arriva
1091 285 37 18 un
1148 274 107 40 Exprès
1274 276 34 28 de
1328 275 74 28 l'atrn
1403 270 25 24 et

787 321 47 18 vec
852 312 58 28 avis
928 321 53 28 que
999 312 24 28 le
1036 324 46 18 za.
1101 315 25 26 le
1142 315 72 27 Cors
1233 315 35 28 du
1289 317 98 27 Comte
1396 302 47 39 d*!

787 350 123 30 bcmarle
927 352 41 27 fut
986 350 85 31 défait
1088 351 17 30 à
1120 354 122 27 Denain.
1281 357 50 26 Les
1348 343 94 38 ««10**

785 392 79 26 aïant
881 390 133 40 décampé
1035 402 64 19 avec
1121 402 76 19 toute
1214 394 57 27 leur
1289 391 91 32 armée
1393 406 7 14 >
1420 384 15 24 ''

787 429 150 39 vantgarde
953 430 115 30 marcha
1085 431 74 28 droit
1178 431 15 28 à
1211 435 67 27 Lieu
1296 437 35 25 St.
1354 430 71 30 h^

787 469 91 28 Toute
896 469 112 30 l'armée
1020 469 80 30 fuivit
1117 481 47 30 par
1178 472 99 28 Villers
1289 477 26 25 Se

787 508 144 38 Quarante
950 508 33 28 de
1000 509 71 28 leurs
1090 510 146 30 bataillons
1257 510 27 31 fe
1303 504 135 46 poftérei*'

787 555 52 20 une
856 546 77 30 demi
950 547 97 39 portée
1056 547 33 30 dc
1104 559 90 18 canon
1204 550 37 30 du
1413 544 27 22 I.

787 583 17 30 à
822 586 107 30 Denain
948 607 7 12 ,
983 587 123 45 pendant
1121 599 56 30 que
1201 589 38 28 les
1258 600 90 20 autres
1358 586 85 32 trouF

787 622 133 40 paflèrent
937 625 119 32 l'Efcaut
1074 627 14 30 à
1104 627 152 32 Neufville.
1296 632 54 28 Ces
1374 635 32 28 4°

787 665 111 30 taillons
914 666 151 41 coupèrent
1085 667 14 28 à
1117 678 51 18 nos
1185 679 69 30 gens
1271 669 27 30 la
1413 663 21 33 111;

787 705 91 27 cation
895 715 64 20 avec
985 706 194 30 Marchienne.
1226 710 39 26 La
1291 697 144 53 gamifo»?

787 744 200 30 Valeuciennes
1015 745 25 30 fe
1065 745 80 40 pofta
1172 745 43 31 fur
1231 748 26 28 la
1281 746 113 31 hauteur
1414 738 25 53 *J

785 782 97 30 caffine
907 784 47 28 des
971 784 125 35 Jefuites.
1135 787 51 28 Les
1211 789 128 27 ennemis
1365 776 69 54 toi*^

787 830 59 19 rent
872 833 64 18 avec
959 824 104 39 grande
1089 824 70 28 furie
1186 824 44 30 fur
1250 837 51 18 nos
1324 831 32 25 18
1380 826 54 44 b*£

787 860 61 28 lons
875 863 27 26 &
930 862 132 40 quelques
1089 861 163 37 efeadrons,
1274 876 47 28 qui
1339 870 24 25 le
1382 862 52 30 de^

787 898 91 31 dirent
893 909 65 21 avec
974 902 144 40 beaucoup
1137 902 34 30 de
1195 904 136 31 bravoure

787 941 119 39 quelque
924 952 110 32 temps,
1055 945 71 27 mais
1153 943 76 30 étant
1256 943 145 43 envelopés
1420 935 14 33 f

787 990 37 19 un
843 980 20 30 fi
880 981 89 39 grand
994 984 119 30 nombre
1131 981 175 35 d'ennemis,
1337 986 32 27 ils
1387 976 48 51 fu^

787 1020 123 30 culbutés
921 1041 8 14 ,
951 1025 27 25 &
998 1023 21 30 il
1041 1035 17 28 y
1085 1033 33 19 en
1139 1033 28 19 ut
1194 1023 126 39 quantité
1343 1024 35 28 de
1395 1012 37 34 rtt*

787 1059 32 28 de
839 1059 81 30 noïés
941 1072 37 19 ou
1004 1061 63 31 faits
1087 1061 170 40 prifonniers
1269 1074 6 18 :
1297 1065 46 26 Du
1361 1071 67 20 nor

787 1098 47 30 des
854 1101 133 34 premiers
1005 1101 38 30 eft
1061 1103 25 27 le
1106 1102 97 28 Prince
1219 1103 33 27 de
1263 1101 129 30 Holftein
1407 1091 26 51 *J

785 1137 39 21 les
842 1140 112 31 troupes
974 1134 175 39 Impériales.
1170 1137 35 26 Le
1219 1140 103 28 Comte
1332 1141 34 27 de
1375 1130 57 37 Dl»?

785 1179 17 18 a
827 1169 44 30 été
896 1170 87 33 noïé,
1015 1174 72 28 &le
1104 1174 122 30 Général
1246 1176 156 31 Albemarle
1420 1170 12 24 *

787 1208 156 39 prifonnier
953 1222 64 19 avec
1036 1215 58 26 Mr.
1106 1214 80 28 Sobel
1196 1215 122 31 Général
1337 1218 46 28 des
1400 1211 33 30 tf*

785 1257 47 30 pes
853 1248 136 31 Palatines
1003 1271 8 12 ,
1038 1256 27 25 &
1084 1252 131 38 pluficurs
1237 1265 89 20 autres
1346 1241 89 44 Ofri<^

785 1286 34 28 de
837 1286 175 31 diftindion.
1043 1291 48 27 On
1111 1300 34 20 ne
1163 1291 48 30 fait
1231 1304 47 30 pas
1297 1305 99 20 encore
1410 1281 21 37 f^

785 1336 39 20 tes
843 1326 35 30 les
899 1329 201 38 particularités
1127 1330 33 30 dc
1179 1341 69 20 cette
1264 1337 112 30 action,
1396 1322 35 53 if

785 1367 118 39 laquelle
928 1368 113 31 l'armée
1074 1372 129 28 ennemie
1226 1372 40 28 eft
1290 1372 143 32 retourne*,

787 1404 50 31 fon
853 1407 120 38 premier
991 1411 103 37 Camp.
1115 1411 37 27 Le
1172 1414 96 28 Prince
1278 1414 112 41 Eugène
1406 1398 26 37 &

784 1456 35 19 en
846 1455 182 21 mouvement
1054 1457 72 30 pour
1153 1450 111 39 réparer
1290 1463 66 20 cette
1384 1444 43 45 petl
1429 1466 6 18 i

787 1487 39 27 La
842 1485 61 31 nuit
918 1485 89 40 pafféc
1032 1487 20 30 il
1074 1486 39 31 eft
1129 1489 107 31 arrivée
1261 1502 37 19 un
1318 1486 99 45 Exprès

787 1524 123 31 l'armée.
950 1528 50 27 On
1023 1527 41 28 dit
1090 1539 53 33 que
1170 1540 27 18 ce
1225 1532 97 28 Prince
1348 1528 63 33 étoit

787 1564 125 40 prefence
930 1565 47 30 des
996 1567 125 30 ennemis
1140 1567 69 31 dans
1227 1570 24 28 le
1270 1569 102 32 deffein
1387 1565 28 30 de

788 1605 164 28 combattre.

826 1646 72 27 Mrs.
919 1645 37 30 les
973 1646 74 28 Etats
1068 1646 151 32 Généraux
1239 1659 50 19 ont
1316 1645 81 33 établi
1410 1677 22 12 ._

787 1685 122 26 Lotterie
934 1684 34 28 de
986 1696 11 26 3
1028 1685 126 32 millions
1182 1698 54 19 <oo
1261 1689 77 30 mille
1357 1681 77 52 floil^

788 1722 150 41 compofée
960 1724 33 30 de
1015 1735 92 27 175-00
1131 1727 91 31 billets
1243 1728 105 30 chacun
1372 1723 53 31 de*

789 1763 111 28 florins.

85 1802 37 26 Le
137 1804 79 26 Sieur
235 1805 18 26 P
265 1805 26 27 R
299 1806 25 26 Y
341 1806 124 28 continue
482 1814 65 18 avec
566 1802 85 39 fuccès
667 1804 15 28 à
700 1805 99 37 guérir
813 1811 170 30 pronte-ntnt
1000 1806 37 30 les
1054 1808 209 30 Hémorroïdes
1276 1828 7 13 ,
1306 1813 61 22 tant
1384 1802 34 26 '*'
1429 1821 8 14 »

43 1848 46 20 nés
105 1841 185 35 qu'externes,
311 1844 25 27 le
350 1844 72 27 Flux
441 1844 195 30 Hemerroïdal
650 1845 139 30 invétéré,
810 1844 32 26 le-
854 1843 142 33 Epreintes
1009 1847 150 32 opiniâtres
1173 1850 47 33 qui
1409 1839 9 22 1
1427 1859 11 12 «

40 1880 191 27 Hémorroïdes
244 1900 8 12 ,
276 1881 35 28 /«
328 1883 33 26 Fi
372 1881 71 30 lu/es
462 1885 118 27 récentes
591 1880 67 39 fans
676 1881 130 37 fuptimer
824 1881 24 30 le
865 1893 77 18 cours
957 1886 44 27 des
1018 1886 131 28 humeurs.
1191 1887 44 26 On
1250 1893 61 31 peut
1329 1884 32 38 fe
1381 1885 17 31 P
1400 1874 37 47 e\

38 1917 41 39 foi
97 1919 80 27 même
195 1926 50 22 par
263 1920 170 34 Implication
451 1924 30 24 de
489 1920 37 39 fa
546 1918 214 33 POMÂDE
775 1922 143 38 fpécifique
932 1926 47 33 qui
997 1924 27 35 fe
1041 1924 83 38 confie:
1134 1936 34 18 ve
1189 1926 60 37 long
1269 1932 98 21 temps,
1380 1917 30 30 &
1420 1924 19 35 »(

39 1969 33 17 en
90 1959 118 27 diminue
226 1958 26 27 la
268 1959 111 27 douleur
396 1958 47 33 fur
459 1961 24 27 le
501 1961 97 34 champ.
613 1962 59 30 Elle
685 1961 109 40 facilite
811 1961 37 28 les
872 1959 77 35 felles
972 1965 32 28 &
1020 1962 70 38 fans
1113 1972 93 20 retour
1225 1965 44 27 des
1284 1962 110 30 accident-

38 1996 37 37 eft
83 2009 17 15 a
100 1998 104 38 prouvé
222 1998 44 26 des
283 1997 137 30 Médecins
431 2001 31 30 &
471 1998 165 38 chirurgiens
650 2003 32 26 de
702 2001 89 28 Paris,
803 2001 40 30 &'
852 2001 43 27 des
911 2001 143 37 perfonnes
1069 2004 31 26 de
1117 2004 106 37 qualité
1238 2004 72 35 qu'il
1325 2011 15 18 a
1352 2002 51 33 qu'
1406 1996 45 48 fj'

38 2037 65 27 dont
120 2037 24 27 il
157 2047 17 19 a
193 2037 35 30 les
242 2037 171 38 Certificats:
430 2040 28 28 Il
470 2040 120 27 donnera
606 2040 30 26 la
650 2041 124 27 manière
790 2040 31 27 de
829 2037 32 39 fe
876 2039 91 33 Penfer
981 2041 40 35 foi
1039 2042 79 30 même
1147 2044 28 26 11
1187 2053 37 18 va
1241 2052 31 18 en
1289 2037 69 30 ville
1375 2034 24 25 I*
1410 2033 32 38 *J

39 2075 41 22 tin
96 2083 66 26 pour
180 2087 64 19 ceux
261 2078 48 38 qui
325 2078 146 30 l'envoient
487 2079 115 37 quérir,
617 2079 32 31 ér
663 2080 100 35 l'après
780 2079 66 27 midi
863 2088 34 17 on
917 2080 25 25 le
956 2086 98 25 trouve
1070 2081 120 37 toujours
1207 2082 56 27 ebés
1279 2079 39 26 lui
1335 2089 6 14 :

38 2109 38 26 le*
89 2117 116 30 pauvres
216 2117 98 43 gratis.
374 2118 27 27 Il
413 2120 118 26 demeure
552 2117 18 30 à
587 2118 76 30 Paris
684 2128 48 20 rue
748 2120 32 28 de
807 2118 164 37 Guenegaud
981 2121 93 37 proche
1089 2122 26 26 la
1142 2131 47 19 rue
1208 2115 155 32 Mazarine
1377 2109 38 26 d>'

41 2145 150 39 bouanger.
248 2160 76 27 Avec
337 2157 154 38 perrniffion

87 2186 26 30 A
130 2187 165 33 Rotterdam
307 2216 8 11 ,
327 2207 48 26 par
393 2198 27 28 la
437 2198 89 27 Veuve
540 2199 32 27 de
588 2198 81 28 Saint
679 2198 85 28 Glain
775 2211 7 15 :
804 2200 34 26 Et
856 2198 25 28 fe
891 2199 118 28 vendent
1020 2198 64 30 chés
1097 2194 139 28 Abraham
1256 2193 89 27 Acber

180 2226 33 30 de
231 2226 25 28 la
274 2232 102 27 Bourfe
386 2245 6 14 :
415 2238 24 24 A
455 2236 26 27 la
500 2237 72 27 Haie
589 2236 64 30 chés
671 2238 28 27 la
717 2238 87 27 Venve
822 2238 139 34 Uytvierf
971 2237 63 35 près
1051 2236 34 26 dc-
1102 2233 26 26 la
1146 2233 78 27 Cour
1237 2251 8 13 ,
1267 2236 53 24 Sec.

126 2271 74 32 Avec
221 2269 73 33 PRI
306 2270 24 33 V
341 2271 12 28 I
363 2271 21 27 L
396 2272 93 32 EGE
507 2275 32 30 de
552 2275 58 30 Nos
624 2278 144 34 Seigntun
785 2277 37 28 tes
836 2277 78 31 Etats
925 2276 31 28 de
967 2271 130 31 HoUaiide
1114 2271 77 33 &de
1206 2265 144 44 Weftfrifs-
