1502 2294
43 110 53 31 que
111 98 25 33 le
154 102 64 28 Duc
234 98 34 31 de
286 94 115 33 Bcrwik
417 93 70 32 e'toit
502 93 91 31 arrivé
612 93 15 30 à
638 93 83 28 Brian-

44 152 74 31 çon,
139 144 27 26 &
184 139 70 40 qu'il
273 137 26 30 fe
317 136 137 41 difpofoit
471 136 17 30 à
509 145 34 19 en
560 144 85 30 partir
664 143 72 28 pour

44 181 128 40 pénétrer
189 190 35 18 en
243 177 141 31 Piémont.
426 178 48 26 On
494 175 123 28 travaille
627 183 33 19 au
671 171 50 28 châ-

44 230 63 20 teau
123 220 32 28 de
175 217 144 31 Verlaillcs
346 215 17 30 à
386 216 26 28 la
439 213 190 31 conftruétion
654 210 81 31 d'une

45 261 104 39 galerie
168 268 70 28 pour
255 255 85 40 palier
359 255 32 27 dc
410 255 73 38 plein
500 253 46 40 pié
562 253 33 28 dc
606 253 25 27 la
640 250 97 30 cham-

45 286 48 43 Isre
118 298 38 30 du
182 296 57 30 Roi
265 295 67 27 dans
358 293 28 28 fa
410 293 144 39 Chapelle.
593 293 48 27 On
658 288 81 32 refait

45 338 67 30 aufli
130 335 128 31 l'efcalier
276 334 46 27 des
344 331 210 31 Ambaffadeurs
567 351 7 13 ,
599 334 26 25 Se
645 330 57 28 l'on
718 340 18 28 y

43 377 54 30 fait
123 386 52 19 une
201 372 79 41 grille
309 372 133 40 d'argent.
483 370 135 30 Madame
634 370 26 27 la
677 371 40 26 Du-

45 415 89 31 chellè
151 415 33 30 de
206 413 73 27 Berri
304 411 125 30 fournira
454 411 119 39 pendant
599 407 97 30 l'hiver
722 405 15 31 à

47 452 216 32 Fontainebleau
282 452 38 27 les
347 450 122 30 chevaux
488 461 54 19 aux
561 451 103 26 Dames
685 448 50 38 qui

46 493 142 30 voudiont
208 493 65 28 aller
292 490 57 28 àla
367 489 97 28 chaile.
497 489 24 28 Il
537 500 15 27 y
570 497 15 19 a
604 487 133 47 quelques

44 534 79 39 jours
143 542 52 28 que
215 529 132 31 Madame
366 529 26 28 la
410 528 112 30 Grande
540 524 135 31 Duchelic
692 535 31 19 ve-

47 581 70 20 nant
133 569 97 31 rendre
240 568 76 31 viiïte
325 567 161 30 à-Madame
495 578 33 18 au
539 566 87 28 Palais
638 565 99 33 Roial,

47 611 43 30 fut
104 608 126 39 attaquée
247 607 176 39 d'apoplexie
448 606 69 28 dont
541 604 51 31 elle
617 614 15 19 a
656 604 83 40 penlé

50 651 131 28 mourir,
201 651 26 25 Se
246 646 51 30 elle
312 646 39 30 eft
371 645 145 30 demeurée
534 645 120 40 perclufe
672 644 66 28 d'un

47 686 76 31 côté.
162 687 48 28 On
227 686 76 31 vient
319 685 163 39 d'aprendre
501 696 53 28 que
570 685 37 28 les
620 685 118 39 Anglois

46 726 65 31 font
126 725 90 32 entrés
233 725 67 30 dans
312 724 183 40 Dunkerque,
510 724 67 28 d'où
588 732 78 19 notre
676 733 47 28 gar-

47 767 86 31 nifon
156 764 39 31 eft
211 764 69 31 allée
305 764 15 30 à
338 768 105 38 Bergue
462 767 37 26 St.
520 765 128 31 Winox,
669 763 72 27 mais

48 807 22 28 il
98 809 45 35 n'y
171 803 57 31 fera
254 803 50 30 fait
327 814 90 19 aucun
443 814 76 18 autre
544 802 195 40 changement

50 848 60 27 Mr.
130 844 178 38 Benivoglio
327 844 100 27 Nonce
443 842 38 30 du
500 844 71 37 Pape
589 842 38 28 eft
653 842 89 27 arrivé

50 886 38 28 ici
104 885 97 41 depuis
228 882 135 40 quelques
384 882 87 38 jours.
529 883 50 25 On
607 892 33 18 ne
666 881 76 39 parle

51 924 60 37 plus
130 924 38 28 du
184 926 102 34 voïage
302 920 38 30 du
358 920 145 30 Chevalier
521 920 33 27 de
567 922 35 25 St.
615 922 124 39 George,

51 964 27 25 &
99 961 19 27 il
136 972 18 15 a
171 959 39 31 fes
229 960 131 30 Officiers
389 958 15 31 à
422 959 171 30 l'ordinaire.
632 960 37 27 Le
685 960 57 27 Roi

48 1002 47 27 n'a
120 999 80 38 point
227 1010 98 19 encore
351 998 111 40 difpofé
488 999 46 28 des
561 998 115 40 charges
704 998 38 31 du

50 1041 64 28 Duc
130 1037 33 30 de
182 1037 168 33 Vendôme,
371 1043 26 24 &
415 1038 58 28 l'on
489 1039 71 27 croit
576 1049 54 28 que
647 1042 25 24 S.
694 1039 44 26 M.

50 1090 35 19 ne
104 1078 38 30 les
159 1077 133 39 remplira
309 1076 126 39 qu'aptes
455 1077 22 28 le
495 1088 93 18 retour
599 1076 37 28 du
645 1077 97 28 Grand

51 1122 106 26 Prieur.
188 1120 57 26 Mr.
265 1115 115 30 Charles
405 1116 124 28 Brullard
554 1116 38 27 du
617 1115 125 30 Rancher

51 1155 145 32 Maréchal
214 1156 32 28 de
262 1159 91 35 Camp
367 1154 46 31 des
433 1155 106 30 armées
556 1155 37 28 du
612 1155 74 32 Roi,
706 1155 24 27 ci-

50 1196 99 28 devant
165 1199 181 26 Gouverneur
364 1194 38 30 du
411 1194 148 37 Quefnoi,
579 1204 113 19 mourut
710 1204 32 19 en

50 1245 71 18 cette
144 1235 64 27 ville
234 1235 25 27 le
283 1233 120 43 premier
418 1233 34 26 de
471 1238 28 19 ce
516 1233 76 22 mois
605 1243 7 15 ,
640 1232 51 33 âge
710 1233 32 20 de

51 1284 98 19 quatre
167 1273 57 28 vint
241 1272 60 28 huit
319 1280 59 19 ans.

213 1315 40 25 De
268 1312 99 26 Vienne
383 1312 22 26 le
428 1318 8 19 1
443 1318 26 21 5.
488 1312 100 27 Juillet.

87 1352 70 31 Hier
184 1362 35 18 au
244 1350 87 28 matin
358 1349 24 27 le
407 1349 103 27 Comte
533 1348 79 32 Jofef
625 1348 35 24 de
680 1348 61 25 Zeil

53 1391 120 38 Ajudant
190 1390 33 28 de
248 1390 172 35 l'Empereur
439 1382 72 41 paffa
536 1384 56 32 ici,
618 1383 85 28 allant
729 1382 15 30 à

57 1430 157 35 Presbourg
233 1436 63 19 avec
313 1427 25 27 la
364 1424 126 30 nouvelle
508 1423 33 31 de
562 1424 25 28 la
605 1422 139 31 reddition

54 1468 38 26 du
111 1465 139 39 Quefnoi.
302 1467 37 27 Le
366 1465 92 30 même
478 1466 64 39 jour
560 1463 20 30 il
599 1465 90 28 arriva
707 1474 37 19 un

54 1504 109 39 Exprès
188 1504 33 30 de
239 1506 92 28 Turin
356 1517 70 28 pour
445 1504 109 30 donner
572 1504 57 30 avis
650 1514 53 28 que
723 1504 24 28 le

53 1545 64 27 Duc
136 1545 33 30 de
188 1547 96 27 Savoie
299 1546 76 28 avoit
391 1544 97 40 féparé
502 1543 39 31 fes
560 1553 111 30 troupes
689 1541 43 31 d'a-

53 1594 47 19 vec
125 1585 37 30 les
188 1586 164 38 Impériales
364 1597 7 15 :
399 1586 65 35 Que
482 1584 37 28 les
546 1583 150 39 premières
717 1593 14 18 a-

53 1625 94 28 voient
167 1624 113 30 marché
296 1635 59 19 vers
373 1624 37 28 les
430 1623 117 33 vallées,
566 1624 39 27 où
621 1623 64 28 elles
696 1631 48 20 ont

54 1664 91 39 ocupé
163 1664 37 28 les
221 1664 90 39 poftes
330 1664 38 28 les
387 1664 59 39 plus
457 1664 169 38 importans,
638 1662 33 28 de
680 1672 41 18 ma-

53 1703 77 28 nière
156 1704 69 38 qu'il
252 1704 91 38 paroit
369 1714 53 27 que
449 1713 27 18 ce
497 1703 96 27 Prince
611 1700 67 31 n'eft
697 1701 47 31 rjas

53 1742 113 39 difpofé
182 1742 17 30 à
213 1743 145 28 continuer
376 1742 26 27 la
417 1753 109 28 guerre.
565 1742 37 28 Le
619 1754 28 25 9.
665 1740 33 28 de
717 1753 30 18 ce

53 1782 76 26 mois
148 1783 22 27 le
188 1781 132 30 Cardinal
345 1781 33 28 dc
404 1785 69 26 Saxe
497 1782 74 28 Zcits
599 1781 148 30 renouvela

54 1818 26 28 le
98 1818 117 33 ferment
233 1820 33 30 dc
287 1820 104 30 fidélité
410 1820 17 28 à
443 1821 172 39 l'Empereur
632 1832 116 18 comme

56 1858 58 27 Roi
132 1859 33 28 de
183 1861 149 38 Hongrie,
359 1871 31 18 ce
405 1871 53 28 que
484 1859 80 31 firent
589 1859 65 31 auflî
670 1859 61 30 l'Ar-

56 1894 141 40 chevêque
214 1898 33 30 de
265 1900 146 31 Colozza,
432 1904 26 25 Se
477 1900 37 28 les
531 1910 89 20 autres
640 1900 103 28 Prélats

56 1941 28 25 &
104 1937 110 27 Grands
233 1937 35 28 du
280 1941 161 30 Roïaume,
454 1942 39 26 où
506 1943 26 25 S.
544 1942 77 27 M.I.
640 1949 17 18 a
671 1938 58 30 réta-

53 1976 40 28 bli
113 1985 52 19 une
183 1975 116 39 parfaite
315 1978 161 38 tranquilité
488 1989 46 32 par
553 1978 27 28 ft
599 1977 124 40 prefence
735 2000 8 12 ,

57 2019 27 25 &
109 2016 61 27 l'on
193 2024 33 18 ne
253 2014 83 28 doute
360 2026 47 28 pas
428 2007 67 46 qu'il
515 2028 34 18 ne
567 2016 52 30 foit
637 2016 110 31 bientôt

54 2054 69 30 dans
141 2066 38 18 un
195 2054 56 31 état
268 2054 143 30 floriflanr.
431 2055 63 28 Nos
513 2055 164 31 marchands
696 2067 50 19 ont

54 2104 66 19 reçu
143 2094 48 28 des
220 2094 91 28 lettres
332 2093 32 28 de
392 2093 233 37 Conftantinople
651 2094 39 31 du
717 2101 27 25 8.

56 2133 65 30 Juin
132 2153 8 11 ,
162 2143 112 30 portant
292 2144 53 30 que
364 2133 25 27 la
410 2137 78 28 Porte
508 2133 109 40 perfirrc
632 2133 69 30 dans
720 2137 24 28 le

57 2166 99 34 deffcin
182 2173 34 32 de
241 2172 69 35 faire
333 2172 89 40 partir
446 2174 25 31 le
498 2176 63 30 Roi.
582 2173 35 32 de
645 2173 103 34 Suéde..

783 96 110 39 Qu'elle
911 93 154 33 fourniroit
1082 107 73 31 pour
1174 111 43 19 cet
1239 97 65 34 effet
1329 98 35 30 les
1388 92 59 37 éq*'

783 146 83 31 pages
885 135 158 31 néceffaircs
1062 138 33 30 de
1114 138 122 32 chariots
1246 145 26 25 &
1283 141 33 30 de
1333 133 113 34 chevau*:

784 177 76 27 Mais
880 178 83 38 qu'au
983 177 53 28 lieu
1050 177 33 30 de
1107 189 53 26 500
1179 180 132 33 bourfes,
1330 188 37 19 on
1383 182 28 21 ne
1424 169 22 26 1*

783 226 35 19 en
840 215 150 30 donneroit
1012 227 52 28 que
1094 228 9 18 1
1114 229 53 21 <o,
1195 219 69 30 dont
1290 221 25 27 le
1335 213 80 34 Bâcha
1428 207 12 25 d

785 254 105 28 Bender
918 256 128 38 pourroit
1072 254 142 43 difpoler,
1237 257 110 30 aufluôt
1370 260 47 34 que
1429 255 18 15 *

784 293 117 38 Majefté
925 294 91 28 auroit
1041 294 107 31 déclaré
1174 295 26 30 fa
1225 296 151 31 réfolution

784 333 96 39 partir.
919 335 52 26 Ces
989 333 90 31 lettres
1097 334 142 38 ajoutent,
1261 348 53 28 que
1333 337 28 30 ler
1381 326 65 35 SuM

785 372 156 38 prétendoit
960 372 83 31 n'être
1056 384 46 28 pas
1121 376 107 40 engagé
1246 376 17 30 à
1280 374 113 41 prendre
1402 369 45 30 co*

784 410 138 30 noiffance
940 411 37 30 du
994 411 119 31 diférent
1130 424 76 19 entre
1221 416 24 28 le
1264 417 56 27 Roi
1330 419 26 25 &
1367 413 21 28 le
1397 406 50 31 Cl*

783 450 132 28 touchant
940 451 25 27 la
984 454 165 28 Pomeranie
1173 457 27 25 &
1225 464 89 19 auttes
1338 457 76 26 terres
1427 455 12 13 »

784 491 28 25 S.
831 491 44 31 M-
904 489 93 30 fituées
1025 502 34 18 en
1088 493 163 43 Allemagne
1264 514 8 13 ,
1302 497 27 26 &
1352 485 63 46 qu'il
1427 485 20 22 *

783 530 57 26 s'en
856 528 103 30 mêlera
977 541 59 17 pas.

908 572 37 25 De
958 568 167 33 Scbatfboufe
1141 574 24 27 le
1186 582 33 19 17
1245 574 104 27 Juillet.

821 609 48 27 On
886 609 104 37 aprend
1009 619 53 27 que
1078 611 37 27 les
1134 613 125 27 Cantons
1277 613 33 28 dc
1329 609 117 32 LucerU*

784 645 80 31 d'Uri
880 657 128 20 trouvent
1023 646 57 31 bon
1096 659 30 19 ce
1143 651 48 39 qui
1202 651 61 28 s'eft
1276 651 50 28 fait
1343 652 15 28 à
1370 646 76 33 Arr>u!

784 687 27 24 Se
830 697 52 28 que
901 686 57 30 leur
977 687 167 39 aprobation
1160 700 17 28 y
1195 687 58 31 fera
1266 687 150 35 envoïéeJe
1417 679 28 30 u^

784 724 148 39 prochain.
972 730 74 27 Mais
1061 738 67 19 ceux
1147 729 33 28 de
1199 731 100 28 Sweitz
1311 751 8 12 ,
1333 720 112 38 d'Un''"'

784 764 107 28 walden
909 770 27 25 Se
954 768 63 40 Zug
1042 765 15 30 à
1081 768 27 28 la
1124 765 180 32 follicitation
1319 770 37 28 du

784 801 34 30 du
840 807 90 37 Pape,
946 808 77 26 n'ont
1043 816 46 28 pas
1114 804 149 32 feulement
1280 809 80 40 rejeté
1377 808 22 27 k
1421 807 11 20 r

784 842 79 30 lultàt
880 843 46 31 des
945 844 176 30 conférences
1134 866 7 13 ,
1174 848 72 26 mais
1265 848 93 30 même
1378 857 15 28 p
1397 842 48 39 ro?'

784 879 41 30 fté
841 893 104 19 contre.
965 886 39 27 Ce
1022 886 99 27 Nonce
1139 886 110 28 vouloit
1264 896 34 18 en
1316 887 67 28 faire
1401 879 45 33 Éfl

785 928 92 20 autant
904 932 54 18 aux
977 925 124 26 Cantons
1127 924 33 28 de
1185 926 105 27 Lucern
1316 931 27 25 Se
1369 921 77 44 d'tJrJ.j

785 959 71 28 mais
873 959 39 28 les
933 959 164 41 Magiftrats
1120 960 38 31 lui
1182 972 50 20 ont
1258 963 50 30 fait
1325 966 58 27 dire
1401 958 45 48 qu£

784 997 27 30 fe
837 998 85 30 mêlât
948 998 33 31 de
1007 998 50 32 fon
1076 1000 149 31 Miniftére
1240 1006 26 25 &
1293 1013 57 20 non
1370 1010 45 33 pas
1430 1003 15 17 *

784 1038 58 28 leur
860 1041 237 28 Gouvernement.
1135 1041 25 28 U
1185 1044 57 26 s'en
1265 1042 39 28 eft
1330 1055 52 28 peu

785 1078 69 44 qu'il
880 1080 66 28 n'ait
971 1078 44 30 é-é
1038 1081 139 27 maltraité
1202 1091 48 28 pat
1277 1082 38 27 les
1345 1080 86 31 habit*
1431 1078 14 31 1:

785 1116 91 31 d'Uri.
917 1120 48 27 Les
984 1117 91 31 lettres
1093 1122 87 37 qu'on
1205 1122 73 26 vient
1302 1121 33 28 de
1351 1121 85 28 rcccV
1439 1116 4 18 1

787 1155 34 31 de
837 1156 104 31 Zurich
960 1168 131 30 portent,
1110 1169 53 28 que
1180 1168 61 19 tout
1266 1159 39 28 eft
1323 1161 59 39 prêt

788 1207 103 18 rentrer
917 1207 37 19 en
977 1198 96 27 aètion
1095 1196 19 30 fî
1133 1199 185 31 l'aprobation
1346 1200 45 27 des
1408 1201 19 21 c'
1429 1196 17 31 11?

788 1234 125 20 cantons
939 1228 67 26 n'clt
1024 1237 47 19 p.u
1097 1228 15 27 à
1142 1232 90 27 Arrau
1254 1243 34 18 au
1317 1235 60 35 jour
1403 1230 43 31 fift'

788 1266 50 28 Les
855 1264 124 40 Députés
997 1265 33 28 de
1048 1266 100 30 l'Abbé
1166 1269 33 30 de
1218 1273 37 25 St.
1274 1274 63 27 Gall
1355 1274 59 30 font
1427 1270 19 26 »'

788 1303 40 30 fés
847 1303 148 30 connoître
1012 1305 69 38 qu'il
1101 1318 33 18 ne
1161 1309 155 31 confentira
1333 1323 47 28 pas
1406 1310 15 30 à
1435 1303 11 41 ?

787 1342 116 34 Traité,
932 1345 26 25 &
984 1344 67 38 qu'il
1076 1345 133 31 voudroir
1233 1349 117 32 d'autres
1376 1338 70 43 cotÂ

784 1383 87 28 tions.
912 1382 74 27 Mais
1007 1381 107 30 Meflrs.
1134 1383 34 30 dc
1187 1389 69 26 Bern
1274 1390 78 28 &de
1370 1384 76 35 Zuri''

787 1434 34 18 ne
846 1421 171 45 changeront
1041 1422 60 32 rien
1126 1420 15 35 à
1167 1435 28 20 ce
1221 1427 50 43 qui
1297 1439 15 21 a
1337 1429 45 32 été
1406 1429 34 28 cC
1440 1427 6 18 r

787 1463 53 28 clv.

946 1507 40 27 De
1003 1507 92 30 Berlin
1109 1509 24 27 le
1147 1519 46 25 19.
1208 1511 96 33 Juillet.

823 1546 111 28 Suivant
951 1546 38 27 les
1009 1546 56 27 avis
1082 1546 33 28 de
1133 1546 123 37 Drefde,
1276 1560 38 19 on
1330 1559 35 21 ne
1388 1545 59 34 fav°.'

785 1592 48 32 pat
859 1594 98 19 encore
979 1584 193 40 pofitivement
1198 1589 92 39 quand
1317 1589 24 30 le
1368 1585 53 33 Roi

788 1624 124 40 Pologne
930 1626 184 27 retourneroit
1130 1625 69 31 dans
1215 1638 30 19 ce
1263 1631 158 27 Roïaume!
1430 1624 12 20 0

785 1664 44 27 s'il
846 1663 149 30 attendroit
1010 1675 168 28 auparavant
1195 1667 124 30 l'arrivée
1336 1669 37 27 du
1388 1659 59 34 Cî}i.

784 1703 162 39 Cependant
977 1714 96 21 quatre
1106 1704 139 38 régimens
1277 1707 33 28 de
1343 1703 84 32 cavale
1429 1701 17 21 fl

785 1746 129 26 Saxonne
932 1753 50 18 ont
998 1742 116 31 marché
1129 1742 34 31 de
1185 1747 164 28 Pomeranie
1367 1755 33 19 en
1462 1737 6 35 I

788 1782 94 41 logne.
902 1782 38 28 Lc
951 1782 56 28 Roi
1023 1781 39 30 eft
1078 1794 99 19 encore
1193 1785 56 33 ici,
1269 1787 70 27 mais
1356 1786 24 27 le
1391 1774 78 56 Pc'^l

788 1833 28 17 cc
834 1821 86 28 Roïal
945 1820 39 30 eft
1007 1820 54 31 allé
1082 1821 17 31 à
1123 1822 115 30 Schwed
1264 1834 71 28 pour
1352 1822 58 31 voir
1427 1814 26 34 'v

788 1859 170 32 Mofcovites
979 1870 100 20 venant
1104 1860 35 31 de
1156 1863 125 39 Pologne
1306 1865 48 38 gui
1375 1872 15 28 y

785 1911 64 19 vent
875 1897 84 43 paffer
977 1899 177 37 aujourdhui.
1193 1902 196 40 L'avautgarde
1408 1893 39 30 l°u

787 1941 25 28 le
829 1939 122 30 Général
974 1942 113 38 Repnin
1113 1938 86 31 fefant
1228 1951 73 26 jooo
1319 1939 116 31 homm'.
1436 1935 21 38 5}

787 1977 73 40 paffa
879 1977 139 31 Vendredi
1044 1977 15 31 à
1082 1980 162 39 Landsberg
1266 1990 65 19 avec
1349 1976 87 40 quant}

787 2019 33 30 dc
837 2017 122 30 chariots
978 2017 34 30 de
1029 2017 105 40 bagage
1150 2022 27 26 &
1196 2020 118 39 quelque
1331 2014 96 33 arrillC
1430 2015 6 17 1
1452 2015 4 7 '
1468 2010 2 40 |

787 2061 40 26 Cc
846 2056 122 31 Général
985 2059 38 28 les
1041 2056 52 31 fuit
1109 2068 64 19 avec
1193 2069 77 25 7000
1287 2057 119 30 hommes-

788 2096 51 30 fon
855 2098 105 30 arrivée
977 2107 39 19 on
1033 2095 123 31 formera
1173 2096 17 31 à
1206 2108 30 19 cc
1253 2101 85 34 qu'on
1354 2093 80 31 allure

788 2137 72 41 fiége
876 2137 35 30 de
928 2139 94 27 Stetin.
1063 2139 39 27 La
1121 2137 131 39 garnifon
1271 2137 32 28 de
1330 2140 64 22 cette
1410 2131 25 22 f°

788 2187 45 20 me
850 2177 77 40 place
945 2176 61 31 s'eft
1023 2176 130 41 emparée
1162 2176 38 33 dv
1213 2179 65 28 Fort
1294 2173 34 30 de
1345 2167 86 34 Swin*
1450 2173 19 44 g
