1502 2294
38 59 143 32 efealader.
221 61 35 28 Le
268 60 56 30 Roi
341 59 43 30 fur
403 59 37 28 les
462 59 133 28 inftances
613 59 33 27 de
661 64 64 22 cette

38 102 81 32 ville,
141 102 39 28 lui
198 111 17 18 a
230 99 99 30 acordé
351 110 53 18 une
425 98 63 28 Fête
506 98 33 28 île
556 99 148 27 Taureaux
718 117 7 13 ,

39 141 72 28 mais
130 141 25 28 le
168 142 65 33 jour
249 142 63 26 n'en
328 138 39 30 eft
387 148 48 27 pas
450 146 99 19 encore
568 135 67 31 fixé.

209 184 35 22 De
261 184 80 22 Paris
358 184 13 20 P
371 184 54 20 11.
442 184 106 26 Juillet.

78 222 52 27 Par
158 219 38 28 les
227 219 89 27 lettres
341 219 38 26 du
397 219 120 25 Daufiné
542 219 37 25 du
600 219 45 24 28.
665 219 65 30 Juin

41 269 39 18 on
105 256 103 39 aprend
221 276 7 13 ,
254 266 53 28 que
333 255 38 27 les
389 262 111 30 troupes
527 250 202 32 Piémontoifes

43 296 228 39 commençoient
287 293 15 28 à
318 292 125 30 marcher
463 302 58 19 vers
542 291 81 33 Sufc,
637 289 38 31 où
692 291 26 28 el-

41 335 38 28 les
98 334 129 30 dévoient
243 333 54 30 être
311 334 100 38 jointes
430 343 48 30 par
496 331 78 30 celles
593 331 33 30 de
643 331 71 28 l'Em-

41 384 109 30 pereur.
207 374 47 25 On
275 373 69 27 écrit
360 373 33 27 de
411 374 37 25 St.
469 372 79 27 Ma!o
573 370 37 28 du
631 374 26 24 6.
678 379 52 28 que

43 413 25 27 le
85 415 59 33 jour
163 412 144 39 précédent
326 411 19 28 il
364 422 14 28 y
398 410 67 28 étoit
476 409 89 30 arrivé
582 409 69 28 trois
661 409 57 27 vaif-

41 452 84 28 leaux
144 461 99 19 venant
261 450 32 28 de
311 450 26 28 la
352 459 60 19 mer
430 449 37 28 du
476 449 54 28 Sud
541 468 8 12 ,
572 445 113 40 chargés
697 445 33 30 de

41 490 128 40 piaftres.
219 493 52 26 Ces
296 489 69 28 trois
387 488 137 30 vaifleaux
553 489 48 37 qui
626 487 61 28 (ont
707 487 22 27 le

41 531 102 27 Comte
161 530 34 27 de
214 528 141 39 Torigni,
374 527 45 30 les
442 528 72 28 deux
541 529 187 27 Couronnes,

44 573 27 24 Se
91 569 25 26 le
135 572 35 24 St.
188 569 66 33 Jean
274 567 97 30 Batifte
398 567 14 28 é
425 568 77 27 oient
528 566 84 39 partis
632 566 97 37 depuis

43 617 13 27 3
79 615 69 22 ans,
176 605 58 31 fans
254 608 85 39 qu'on
358 617 33 18 en
409 606 30 28 ût
456 617 64 30 reçu
537 615 103 18 aucune
659 614 53 18 nou-

41 645 80 30 velle.
172 647 39 27 La
239 644 119 31 femaine
384 644 89 40 pallée
501 646 18 26 il
546 645 90 27 arriva
663 641 15 30 à
704 643 26 28 la

41 686 143 27 Monnoic
206 685 33 28 de
265 694 66 19 cette
353 685 64 28 ville
437 684 131 40 plufieurs
598 683 132 28 charettes

41 724 132 41 chargées
197 724 34 28 de
259 724 129 28 faumons
407 724 144 41 d'argent,
574 722 32 28 de
624 720 105 40 lingots

41 762 63 30 d'or
124 768 26 25 &
168 763 33 28 de
219 763 83 28 barils
320 763 87 40 pleins
425 762 33 30 de
476 761 113 41 piaftres
601 772 6 17 :
628 763 50 26 On
696 771 33 18 en

41 803 96 27 attend
156 813 97 18 encore
269 802 129 28 d'auttes.
426 803 50 27 Les
495 802 90 28 lettres
599 800 33 30 de
652 802 63 26 Fort-

41 841 76 27 louis
135 841 37 28 du
191 846 46 24 18.
257 841 35 28 du
312 842 72 27 mois
402 840 109 30 dernier
528 848 129 31 portent,
677 849 53 30 que

41 876 26 30 le
91 889 46 22 27.
156 889 37 18 un
211 882 69 35 parti
300 880 32 28 de
354 891 51 18 nos
424 878 112 31 Huflàrs
563 878 40 31 fut
631 879 100 37 furpris

45 921 27 24 &
91 917 93 31 battu,
206 927 64 19 avec
287 928 73 28 perte
378 919 146 28 d'environ
546 928 34 26 30
600 917 131 30 hommes

41 954 59 31 tués
119 966 37 18 ou
174 954 93 30 blefle's
296 961 26 22 &
345 958 33 27 de
396 969 34 25 30
449 957 132 30 chevaux.
625 958 65 35 Que
709 957 24 28 le

41 994 96 31 même
156 996 59 37 jour
228 1015 6 13 ,
254 994 24 28 le
300 996 141 30 Maréchal
461 997 169 30 d'Harcourt
645 990 30 34 fît
696 1006 35 18 un

43 1036 249 28 acommodement
308 1045 63 18 avec
389 1035 37 28 les
446 1035 112 28 Prévôts
576 1036 37 27 du
632 1036 85 27 Palati-

45 1084 66 22 nat,
131 1084 51 30 par
208 1074 89 40 lequel
322 1075 32 27 ils
381 1072 25 31 fe
435 1072 61 31 font
521 1074 120 41 engagés
663 1084 70 28 pour

43 1116 135 27 s'exenter
195 1113 46 30 des
260 1114 203 28 contributions
475 1134 6 12 ,
502 1114 32 28 de
553 1109 109 33 fournir
678 1123 53 18 aux

41 1161 113 30 troupes
180 1152 120 39 pendant
326 1152 111 39 qu'elles
465 1152 117 31 feroient
606 1152 67 30 dans
694 1152 37 30 les

45 1192 110 38 lignes,
169 1202 34 18 20
221 1191 77 28 mille
313 1189 56 31 facs
385 1191 128 30 d'avoine
522 1195 26 26 &
567 1201 37 20 un
621 1191 111 30 million

43 1230 33 28 de
100 1231 80 27 livres
208 1230 33 30 de
266 1228 139 41 fourrage.
446 1233 66 34 Que
536 1232 25 26 le
591 1228 142 30 Maréchal

41 1269 164 28 deßezons
227 1269 135 38 décampa
378 1267 110 31 auffieert
508 1269 79 38 après
613 1278 63 19 avec

41 1306 146 31 efeadrons
215 1311 27 25 &
279 1318 34 17 10
337 1307 145 27 bataillons
509 1317 71 30 pour
606 1307 65 30 aller
698 1319 34 18 en

43 1345 69 30 faire
128 1355 93 19 autant
237 1345 69 26 dJns
325 1345 24 26 la
373 1345 80 30 haute
475 1346 105 33 Alface,
593 1351 26 25 &
639 1358 52 27 que
709 1348 24 28 le

43 1384 133 37 Marquis
202 1382 32 28 de
260 1383 104 37 Qiioad
391 1384 70 31 étoit
485 1385 54 30 allé
562 1397 111 28 camper
699 1397 33 19 au

47 1420 64 30 delà
128 1421 37 28 du
190 1423 65 27 Fort
279 1423 34 28 de
346 1426 143 44 Scelingue
515 1436 64 19 avec
606 1436 33 18 10
660 1423 58 31 efea-

44 1460 85 28 drons
144 1465 26 25 Se
188 1473 18 26 4
221 1463 168 33 bataillons,
402 1465 61 28 &le
472 1468 102 26 Comte
592 1465 37 28 du
640 1468 92 38 Bourg

44 1511 33 18 au
98 1502 65 27 Fort
181 1501 33 28 de
234 1502 81 32 Keil,
344 1513 61 20 tous
423 1502 72 31 deux
515 1515 71 28 pour
600 1504 22 28 le
639 1504 93 30 même

41 1540 77 40 lujet.
159 1543 128 27 D'auttes
314 1543 58 28 avis
398 1541 37 31 du
455 1554 47 26 29.
520 1541 138 34 ajoutent,
680 1554 52 26 que

41 1580 25 30 le
94 1593 46 24 27.
172 1580 39 28 les
236 1581 125 28 ennemis
386 1584 77 27 aïant
482 1581 72 40 pafTé
580 1584 22 27 le
622 1581 76 30 Rhin
718 1580 14 32 à

44 1619 182 39 Phiii^bourg
241 1620 110 27 vinrent
367 1631 110 30 camper
495 1620 17 30 à
528 1620 182 31 Rhinzabern
722 1643 8 12 ,

41 1659 66 27 d'où
124 1659 24 27 le
168 1658 143 28 Maréchal
328 1658 168 31 d'Harcourt
514 1662 69 28 étoit
599 1661 133 39 décampé

43 1697 27 26 la
84 1697 79 31 veille
183 1696 15 28 à
216 1697 120 33 minuit,
365 1703 26 25 Si
411 1710 52 28 que
482 1700 24 31 le
524 1703 61 27 Duc
602 1701 32 31 de
653 1701 60 28 Wir-

45 1736 126 38 temberg
196 1736 78 28 avoit
298 1737 104 30 envoïé
429 1749 37 19 un
487 1742 165 37 Trompette
671 1736 15 32 à
705 1749 27 20 ce

45 1775 163 33 Maréchal,
230 1785 70 30 pour
319 1776 38 27 lui
374 1776 59 30 dire
451 1789 53 28 que
530 1779 37 30 les
593 1779 124 30 contribu-

43 1814 74 27 tions
142 1814 69 27 dont
234 1815 20 27 il
280 1815 94 27 venoit
403 1815 34 30 de
461 1819 93 27 traiter
573 1818 104 30 étoient
697 1828 34 19 au

46 1854 69 27 bout
130 1851 34 30 de
182 1851 50 28 fon
249 1854 66 39 épée
327 1873 7 12 ,
358 1857 26 24 &
402 1857 69 37 qu'il
495 1857 154 30 l'attcndoit
665 1857 67 30 dans

43 1893 27 27 la
86 1893 103 39 plaine.
230 1892 118 30 Auflîtôt
366 1893 25 26 le
403 1894 144 30 Maréchal
562 1897 170 30 d'Harcourt

43 1936 104 25 envoïa
163 1929 84 31 ordre
266 1929 14 30 à
298 1941 89 20 toutes
405 1932 37 28 les
461 1942 112 30 troupes
591 1936 33 28 de
641 1935 25 30 fe
677 1935 41 30 raf-

43 1970 119 30 femblcr
180 1967 79 33 &de
282 1970 25 27 le
325 1971 76 27 venir
425 1971 117 34 joindre.
581 1974 38 27 Le
638 1975 76 30 Maré-

44 2010 61 28 chal
125 2010 33 30 de
178 2015 107 25 Bezons
313 2010 74 26 avoit
416 2011 59 33 déjà
501 2011 48 31 fait
566 2010 167 40 embarquer

44 2047 51 30 fon
119 2049 145 30 infanterie
291 2056 71 31 pour
387 2049 115 39 repaffer
528 2054 25 27 le
580 2050 93 32 Rhin,
704 2056 26 25 &

45 2092 79 24 notre
132 2092 91 37 Camp
243 2088 35 28 de
289 2088 143 35 Scelingue
446 2091 94 30 l'avoir
549 2091 60 37 déjà
628 2089 102 39 repafle

45 2130 64 21 svec
126 2135 72 21 1200
217 2128 130 28 hommes
365 2127 33 30 de
417 2128 25 32 la
458 2128 131 43 garnifon
606 2132 33 28 de
652 2134 78 27 Fort-

41 2160 89 34 Jouis.
176 2167 47 26 On
249 2167 77 31 avoit
351 2167 66 32 aufli
441 2171 103 31 envoie
568 2171 83 31 ordre
674 2180 56 20 aux

774 56 146 44 garnifons
941 56 47 31 des
1016 65 90 22 autres
1133 58 90 41 places
1241 57 137 32 voiïînes,
1398 53 53 27 de»

774 96 69 28 taire
868 106 112 22 autant,
1011 102 26 25 &
1059 109 56 19 aux
1134 98 111 40 païfans
1272 99 34 28 de
1333 98 25 28 la
1382 93 70 28 haute

776 133 94 30 Alface
889 135 33 30 de
939 137 117 37 prendre
1081 138 37 27 les
1135 149 91 18 armes
1243 148 34 19 au
1294 136 115 30 nombre
1426 129 27 28 d«

778 184 34 19 20
830 174 78 30 mille
926 174 150 35 hommes,
1097 176 33 28 de
1149 176 71 30 forte
1239 188 52 28 que
1309 176 73 28 félon
1400 177 39 22 tou-

776 223 38 19 tes
833 214 37 28 les
887 222 144 31 aparenecs
1050 216 19 27 il
1084 227 18 28 y
1121 226 66 19 aura
1195 216 122 28 bataille.
1331 210 122 33 Onavoit

776 252 52 28 tiré
846 263 47 18 eres
911 263 112 30 troupes
1043 254 47 28 des
1109 254 89 40 lignes
1217 255 96 39 depuis
1332 249 119 34 Huiini»'

776 302 52 27 gue
854 292 115 39 jufqu'à-
984 293 177 30 Lanskroon.
1213 295 38 27 Le
1270 301 45 24 îtî.
1333 295 24 27 le
1376 293 58 27 Com-

776 331 135 28 mandant
926 331 202 40 d'Hagenbach
1148 335 76 26 aïant
1240 345 18 17 v
1278 334 57 27 avis
1356 340 51 32 que
1421 326 31 28 les

776 371 126 27 ennemis
930 373 110 26 avoient
1064 370 73 40 paflè
1154 373 67 27 dans
1250 373 57 27 l'lle
1325 373 33 28 de
1384 372 67 27 Dai'
1469 376 4 31 |

776 407 65 30 land
867 419 38 19 un
926 420 60 18 cors
1011 410 144 30 d'environ
1182 422 54 25 300
1263 411 130 30 hommes
1404 428 6 13 >
1428 404 25 28 &
1469 431 4 8 ,

777 448 167 39 embarquer
960 448 188 31 fecrettement
1174 452 43 26 fur
1243 450 46 28 des
1312 452 138 27 batteauï'
1469 442 4 48 j

780 494 54 22 ico
854 485 138 31 fantaflîns
1012 493 26 25 &
1058 498 92 19 autant
1169 489 33 28 de
1219 489 120 41 dragons
1361 489 15 31 à
1395 482 54 46 pi^'
1469 485 4 44 j

776 523 17 27 à
819 524 99 30 deflein
935 527 35 27 dé
986 527 136 28 l'enlever.
1163 530 41 26 En
1221 527 83 35 effet,
1324 541 52 18 nos
1441 527 9 20 5

775 562 73 30 étant
873 563 148 32 defeendus
1041 566 67 30 dans
1135 566 58 30 l'lle
1219 566 15 30 à
1259 568 26 28 la
1310 570 93 38 pointe
1421 561 28 30 <lt>
1469 563 4 34 |

774 602 80 39 jour,
874 604 152 40 furprirent
1050 606 37 28 les
1114 607 125 28 ennemis
1258 626 8 13 ,
1296 619 33 18 en
1355 606 94 32 ruércfli

774 641 131 39 pluficurs
924 654 64 18 avec
1011 646 57 27 leur
1085 646 229 33 Commandant,
1337 651 25 25 Se
1382 645 69 45 firenj

774 680 37 27 les
830 693 87 20 autres
944 681 181 41 prifonniers.
1163 689 46 25 Un
1227 686 119 28 Courier
1371 684 78 31 arri*'

774 719 34 28 de
827 722 128 31 Flandres
976 724 25 28 le
1028 729 28 24 8.
1082 733 15 19 a
1116 725 111 38 raporté
1245 736 53 31 que
1316 726 22 27 le
1357 725 91 30 Corn*

775 758 33 28 de
837 762 115 41 Broglio
978 761 26 31 fe
1030 762 142 40 difpofant
1196 763 15 30 à
1238 764 65 28 aller
1329 764 66 30 faire

775 797 129 44 fourrage
928 811 34 19 au
989 801 61 31 delà
1075 803 33 27 de
1128 803 25 27 la
1172 806 116 38 Scarpc,
1313 803 41 30 fut
1376 806 66 28 avert
1443 803 6 18 1

776 848 52 28 que
854 840 35 26 les
918 842 125 26 ennemis
1069 841 131 28 dévoient
1220 843 79 26 venir
1317 842 135 31 l'attaouet

776 887 64 18 avec
857 882 56 21 800
931 876 133 33 chevaux,
1080 889 54 19 200
1148 879 123 41 dragons
1290 876 162 35 Bcautanttl{

776 914 130 32 Huflars:
933 918 80 37 Qu'il
1035 918 54 40 prit
1107 928 63 20 avec
1187 920 37 28 lui
1248 931 70 19 1000
1337 920 115 32 chevau*

776 959 26 25 &
816 965 76 31 reçut
909 956 35 30 les
963 959 126 27 ennemis
1106 959 33 27 de
1155 960 63 28 telle
1237 959 89 34 forte,
1349 960 66 41 qu'il

776 993 130 33 demeura
924 1006 54 26 300
1005 997 43 30 fur
1067 998 25 28 la
1110 999 94 38 place,
1233 1003 26 25 &
1290 1011 53 25 400
1369 1000 74 31 fuie»
1443 998 8 20 1

777 1035 63 28 laits
869 1036 188 38 prifonniers,
1076 1046 65 20 avec
1159 1039 26 27 la
1211 1039 109 38 plupart
1337 1039 33 31 de
1390 1041 40 28 !eu
1434 1036 17 24 tJ-

777 1072 135 31 chevaux.
951 1077 35 26 Le
1003 1076 94 28 fîlcncc
1116 1077 32 27 de
1166 1078 25 27 la
1208 1080 77 26 Cour
1304 1077 44 30 fur
1369 1080 22 28 le
1404 1075 47 31 fol*

776 1113 33 30 de
826 1115 26 27 la
868 1113 131 44 garnifon
1016 1116 34 27 du
1062 1115 126 35 Quefnoi
1206 1116 80 28 fefoit
1302 1120 87 28 croire
1398 1115 56 31 ave*

777 1154 40 28 rai
821 1150 50 32 fon
896 1153 67 38 qu'il
993 1165 33 18 ne
1051 1155 38 27 lui
1116 1154 69 30 droit
1213 1167 46 28 pas
1287 1155 165 32 honorable»

778 1187 162 45 puifqu'eile
952 1202 15 18 a
978 1193 43 28 été
1037 1192 65 31 faix
1120 1193 172 41 prifonniére
1309 1195 34 32 de
1354 1199 99 30 <*ucrre»

777 1235 27 24 &
823 1231 129 30 conduite
970 1243 34 18 en
1022 1234 151 26 Hollande.

921 1274 37 25 De
974 1274 118 25 Londres
1107 1274 24 26 le
1149 1284 40 17 12.
1204 1274 100 27 Juillet.

814 1311 39 27 La
868 1310 120 28 femaine
1005 1310 87 39 pafle'e
1110 1310 90 30 divers
1220 1316 128 28 matelots
1369 1315 46 41 qui
1430 1317 22 25 M

777 1350 94 28 voient
888 1349 70 28 fervi
977 1348 41 31 fur
1038 1351 37 27 les
1094 1350 136 31 vaifleaux
1258 1352 33 28 de
1317 1365 94 22 guerre
1428 1346 26 32 &

776 1391 34 26 Sa
830 1387 135 37 Majefté,
991 1387 91 31 furent
1098 1390 79 40 paies
1205 1395 25 26 &
1250 1395 169 30 conçrédiés,
1434 1387 7 44 }
1443 1391 11 21 c

777 1430 227 26 Gouvernement
1023 1433 105 25 n'aïant
1147 1430 59 39 plus
1224 1430 15 30 à
1257 1427 197 44 prefentbefoill

777 1466 33 28 de
836 1467 58 28 leur
914 1466 110 30 fervice.
1068 1469 80 27 Tous
1165 1469 38 28 les
1221 1472 72 28 Cors
1311 1473 32 30 de
1365 1467 89 35 Mêti'*

777 1505 33 30 de
828 1515 66 19 cette
919 1506 65 28 ville
1010 1505 25 31 fe
1059 1507 146 40 préparent
1232 1508 14 31 à
1272 1511 136 39 prefenter
1426 1506 28 28 leS

777 1556 51 18 uns
846 1544 80 41 après
945 1546 38 28 les
1002 1556 109 25 autres,
1131 1547 47 30 des
1196 1547 123 33 AdrelTcs
1338 1551 60 30 àS.

776 1583 45 31 fur
841 1585 26 28 la
886 1586 64 38 paix
963 1605 8 13 ,
999 1585 109 30 auflî'ôt
1134 1599 53 26 que
1213 1589 26 28 la
1265 1591 104 38 grande
1389 1580 52 38 foul
1443 1586 11 20 {

776 1623 46 30 des
841 1625 222 28 Communautés
1083 1626 35 30 du
1140 1629 143 30 Roïaumc
1309 1628 26 31 fe
1361 1628 54 31 fera
1431 1630 21 19 â'

776 1664 92 34 quitée
886 1664 33 27 de
934 1674 30 18 ce
976 1664 106 28 devoir.
1110 1668 39 27 La
1167 1669 178 38 Compagnie
1363 1658 91 39 Roi'»''

776 1701 146 40 d'Afrique
941 1703 183 31 s'aflemblera
1148 1717 98 19 encore
1264 1708 112 28 demain
1395 1703 59 41 pout

776 1742 117 39 prendre
911 1741 33 28 de
961 1743 139 30 nouvelles
1120 1744 119 31 mefures
1258 1757 71 27 pour
1348 1740 86 37 fatisfa
1435 1746 19 18 1'

776 1791 28 18 re
822 1781 71 28 leurs
911 1781 163 34 créanciers,
1084 1787 26 25 Se
1128 1783 137 31 délibérer
1284 1786 44 31 fur
1346 1775 96 40 diverfc
1444 1780 8 20 5

776 1817 110 32 affaires
913 1821 47 38 qui
987 1821 145 40 regardent
1157 1824 58 30 leur
1233 1828 167 26 Commerce
1419 1815 28 32 fil»-

776 1860 38 26 les
828 1859 76 30 côtes
920 1860 148 39 d'Afrique
1077 1865 26 25 &
1115 1863 93 30 même
1225 1865 63 28 bien
1305 1873 80 20 avant
1395 1857 59 32 dai»s

776 1898 25 28 le
817 1900 73 37 pais.
930 1900 50 27 Les
997 1909 111 31 troupes
1126 1904 48 35 qui
1201 1902 61 30 font
1290 1915 33 18 en
1350 1906 91 26 marcn
1441 1897 13 20 e

776 1946 71 30 pour
873 1939 87 27 s'aller
985 1939 168 39 embarquer
1178 1952 72 26 pour
1269 1942 184 30 Dnnkeroue»

775 1976 61 30 font
854 1977 25 28 le
895 1976 138 43 régiment
1044 1978 45 28 des
1102 1980 105 30 Gardes
1220 1980 161 31 EcofToifes,
1394 1975 60 30 ceu*

775 2016 34 28 du
831 2017 92 32 Major
941 2017 120 28 Généra!
1072 2019 79 34 Hill,
1174 2020 34 30 du
1228 2021 118 28 Colonel
1359 2013 96 35 DefinM

775 2066 45 18 me
837 2060 26 24 Se
882 2055 37 30 du
937 2056 119 28 Colonel
1074 2060 81 31 Oui,
1174 2069 65 20 avec
1258 2068 54 21 600
1332 2052 122 35 homme*

774 2094 47 28 des
839 2104 111 31 troupes
966 2095 34 28 de
1020 2098 107 28 marine
1148 2100 45 30 qui
1207 2099 91 30 feront
1316 2095 141 30 comm»"'

772 2133 48 28 dés
844 2144 47 30 par
909 2144 35 20 un
965 2134 162 33 Lieutenant
1144 2139 137 31 Colonel,
1311 2146 37 20 un
1369 2128 85 33 Majo£

772 2176 27 26 &
820 2183 89 21 autres
928 2173 142 33 Officiers.
1094 2178 50 28 On
1159 2178 71 28 croit
1247 2186 54 24 que
1320 2183 41 21 ces
1382 2172 71 27 trou'

1256 2199 11 17 1
1413 2203 43 39 pe*
