1530 2288
53 63 67 27 dans
143 58 64 31 l'lle
229 57 34 30 de
282 57 102 38 Rugen
399 56 8 35 ]
441 56 70 30 mais
549 63 33 31 30
606 53 132 31 Officiers

53 109 52 19 ont
125 98 98 30 ttouvé
236 97 99 28 tnoïen
352 96 46 38 d'y
418 104 92 19 entrer
529 104 47 25 par
595 103 61 21 eau.
686 94 39 28 Là-

56 137 90 30 deflus
176 137 25 28 le
230 137 171 27 Lieutenant
425 135 122 27 Génétal
575 135 129 26 Rantzau
728 142 14 19 a

56 177 51 28 fait
122 176 100 28 avertit
241 174 25 28 le
282 172 143 39 Magiftrat
439 174 35 26 de
494 171 197 34 Lubek,qu'il
711 170 32 30 ûr

60 219 15 26 à
92 215 99 28 retirer
210 222 65 19 tous
298 211 38 28 fes
353 211 138 27 bâtimens
516 214 12 24 à
546 209 76 30 faute
637 213 105 33 dequoi

53 255 20 27 il
92 254 40 27 les
149 252 85 28 fetoit
249 252 124 27 enlever.
412 249 22 27 Il
461 259 34 18 ne
511 257 91 27 patoit
620 257 124 20 aucunes

54 300 117 25 troupes
194 291 69 26 dans
292 289 39 27 les
361 296 142 27 ouvrages
531 289 154 25 extérieuts
707 288 37 27 de

53 331 137 28 Wifcnar.
229 328 180 27 Néanmoins
432 326 39 28 les
494 328 112 26 Danois
632 324 113 31 n'ofent

54 372 59 27 s'en
132 376 150 26 emparer,
295 365 115 30 fâchant
429 365 65 27 bien
515 364 81 34 qu'ils
614 363 60 30 font
691 365 35 27 mi-

56 411 63 26 nés.
172 406 25 28 Il
221 415 15 28 y
260 415 15 18 a
299 413 136 27 apatenec
454 403 85 38 qu'ils
555 412 34 18 en
608 403 92 28 feront
719 402 25 30 le

54 446 76 37 fiége
143 446 69 27 dans
226 445 39 27 les
280 443 104 28 formes
394 441 131 35 ,anflitôt
542 441 81 34 qu'ils
640 449 104 21 auront

53 494 66 26 reçu
136 485 34 27 de
184 481 195 38 Gripfwalde,
394 498 5 12 :
405 481 24 27 le
445 480 70 28 refte
530 480 34 27 de
582 480 58 27 leur
654 480 91 37 grofle

54 523 149 28 artillerie.
252 523 40 25 Le
315 522 189 26 Gouverneur
527 527 14 18 a
567 517 99 28 enrôlé
687 527 58 28 400

53 572 119 27 garçons
188 568 126 20 ouvriers
328 559 50 37 qui
392 566 133 19 montent
541 556 204 30 laGardeavec

56 602 40 27 les
111 600 171 32 foldats,en
299 598 73 28 forte
387 606 56 27 que
464 596 24 27 la
504 594 131 39 garnifon
653 595 38 28 eft
706 596 34 28 de

60 650 71 19 1100
142 638 137 30 hommes.

177 679 38 26 De
229 677 145 30 Francfort
392 677 22 25 le
432 684 27 22 7.
476 677 129 30 Janvier.

97 717 43 26 Le
157 716 112 28 Confeil
288 716 124 32 Aulique
429 722 13 18 a
459 716 50 24 fini
526 716 38 25 fes
581 716 106 25 féances
706 722 35 19 en

53 763 74 20 cette
144 755 67 28 ville
223 774 7 14 ,
249 755 26 27 &
287 752 136 34 quelques
438 759 52 19 uns
509 751 47 27 des
570 748 171 33 Confeillers

53 794 141 37 partiront
217 793 79 35 après
320 790 111 28 demain
456 797 71 26 pour
552 790 125 28 V'enne.
716 787 26 31 Il

56 841 18 28 y
92 841 13 18 a
125 842 15 17 v
158 831 47 27 Bal
229 834 117 31 prelque
367 837 65 20 tous
458 827 38 28 les
517 826 67 30 foirs
602 828 33 27 de
656 828 24 26 la
700 828 28 27 fe-

56 872 94 26 maine
174 869 87 34 paflée
279 870 24 26 &
322 869 34 27 de
371 865 124 30 celle-ci.
536 867 94 26 Lundi
656 865 70 28 l'Em-

54 917 100 30 pereur
172 909 43 27 fut
233 907 92 37 régalé
343 915 47 25 par
411 904 146 30 l'Electeur
575 905 33 26 de
631 906 91 26 Maien-

54 956 52 25 ce,
131 948 89 27 Mardi
237 956 48 25 par
306 943 145 30 l'Electeur
471 944 32 26 de
520 943 125 33 Trêves,
656 945 25 24 &
692 953 33 17 au-

53 985 137 33 jourdhui
215 984 17 28 il
259 986 34 26 l'a
317 984 44 27 été
385 991 46 26 pat
457 980 150 28 l'Electeur
625 981 117 28 Palatin.

52 1025 32 26 Sa
111 1023 111 33 Majefté
242 1022 150 37 Impétiale
413 1029 13 19 a
450 1020 44 27 été
515 1019 109 33 chaque
646 1020 53 27 fois
728 1030 11 26 j

53 1061 102 30 heures
176 1062 13 28 à
204 1061 85 28 table.
333 1059 120 28 Demain
474 1067 31 20 ce
523 1061 155 32 Monarque
697 1068 31 19 re-

52 1109 81 19 cevra
162 1100 174 38 l'hommage
358 1098 34 27 de
417 1106 72 20 cette
510 1096 81 28 ville:
618 1100 57 26 Son
692 1100 33 26 dé-

52 1148 60 28 part
124 1139 131 28 demeure
265 1139 57 27 fixé
335 1146 34 19 au
390 1136 86 27 n.de
485 1144 31 17 ce
527 1136 81 27 moi«.
620 1139 99 26 Diman-

53 1178 53 27 che
138 1178 24 27 le
195 1179 63 26 Duc
292 1175 126 28 Antoine
450 1173 98 27 Ulrich
580 1176 89 25 arriva
697 1176 45 26 ici.

53 1217 45 26 Le
115 1217 97 26 Prince
236 1215 48 27 fon
308 1213 103 30 fécond
437 1211 44 28 fils
498 1214 25 25 &
543 1212 146 28 Beaufrere
706 1214 34 28 de

52 1256 27 26 S.
94 1256 40 26 M.
151 1253 148 35 Impériale
314 1252 39 28 eft
367 1261 34 18 en
425 1250 133 34 chemin,
582 1252 26 26 &
627 1251 25 27 la
674 1260 50 20 ren-

52 1302 130 20 contrera
207 1293 15 27 à
242 1290 190 38 Nuremberg.
475 1291 41 25 Au
540 1290 96 32 départ
657 1289 33 28 de
713 1291 26 27 la

54 1330 79 35 pofte
151 1331 17 27 il
187 1332 90 26 arrive
294 1331 33 26 ici
346 1338 38 19 un
402 1328 103 35 Exprès
522 1328 33 26 de
566 1329 90 27 Rome
672 1337 66 20 avec

54 1368 25 28 la
99 1369 131 28 nouvelle
244 1378 57 22 que
315 1367 25 28 le
356 1377 45 26 13.
417 1367 35 26 du
472 1368 70 25 mois
557 1367 130 33 dernier,
712 1368 26 30 le

52 1409 74 32 Pape
143 1408 60 27 créa
221 1406 154 33 Cardinal,
393 1407 54 25 Mr.
463 1403 100 28 Albani
582 1406 47 26 fon
647 1414 90 21 neveu

52 1447 47 34 qui
115 1446 70 26 étoic
201 1443 73 28 alors
292 1444 12 27 à
326 1443 123 28 Urbino.
491 1444 40 27 Le
547 1444 40 27 St.
602 1446 67 27 Père
691 1448 46 26 n'a

52 1492 48 22 pas
118 1482 47 30 fait
184 1482 106 28 d'autte
308 1483 176 31 promotion.

177 1524 37 26 De
230 1524 132 26 Bruxelles
379 1524 25 25 le
422 1530 43 19 10.
478 1524 130 32 Janvier.

86 1565 81 25 Tout
181 1565 38 25 eft
230 1565 146 32 tranquile
393 1569 35 19 en
445 1569 32 19 ce
493 1569 70 26 pais.
601 1565 47 24 On
664 1569 54 20 con-

47 1599 80 30 tinue
144 1600 33 27 de
188 1609 59 28 part
256 1602 26 26 &
298 1600 109 27 d'autte
424 1599 13 27 à
455 1598 112 35 templit
583 1597 40 30 les
640 1609 77 27 maga-

51 1638 74 35 fïns,
145 1639 13 27 à
177 1648 124 19 recruter
318 1639 24 26 &
361 1637 15 28 à
403 1646 144 19 remonter
563 1637 38 26 les
617 1646 119 27 troupes

50 1683 67 22 avec
139 1676 226 38 emprelîement.
409 1676 54 27 Les
485 1675 130 38 François
638 1678 80 27 voitu-

47 1723 63 21 rent
125 1716 35 28 de
176 1717 91 27 divets
281 1714 125 31 endroits
424 1714 12 28 à
455 1716 120 31 Namur,
592 1723 54 19 une
664 1719 57 25 très-

47 1754 105 37 grande
169 1755 128 35 quantité
312 1754 35 30 du
366 1753 155 28 munitions
539 1754 33 25 de
588 1761 99 27 guerre
706 1756 24 26 Si

47 1794 34 26 de
98 1792 164 39 fourrages,
279 1802 30 19 ce
334 1792 47 38 qui
412 1791 48 28 fait
484 1791 141 37 préfumer
648 1794 86 31 qu'ils

46 1831 115 28 veulent
177 1831 105 28 former
301 1840 53 19 une
373 1830 92 28 armée
485 1830 194 28 considérable
687 1830 45 28 fur

46 1869 26 26 Ja
99 1869 92 28 Meufe
217 1871 22 27 la
262 1872 164 33 Campagne
445 1869 165 34 prochaine.
650 1870 25 27 Il
693 1869 39 30 eft

46 1909 87 25 arrivé
152 1909 99 33 depuis
274 1909 137 38 quelques
433 1909 77 32 jours
535 1909 14 27 à
570 1909 79 32 Ipres
669 1909 48 34 plu-

46 1944 84 30 fïeurs
148 1945 154 30 charrettes
314 1945 133 35 chargées
471 1946 128 38 d'argent
619 1954 72 26 pour
709 1948 26 27 le

46 1993 143 26 paiement
198 1984 33 27 de
249 1985 24 27 la
289 1984 202 38 garnifon,qui
507 1994 35 19 en
559 1984 76 27 avoit
645 1987 89 35 grand

46 2022 109 30 befoin.
185 2024 46 26 On
248 2022 67 28 écrit
332 2024 33 27 de
380 2026 126 32 Namur,
526 2031 54 26 que
596 2020 25 30 le
637 2026 99 31 départ

46 2060 33 31 de
91 2061 106 30 l'Elcct.
208 2062 34 28 de
253 2062 113 27 Bavière
376 2070 72 26 pour
463 2060 25 28 la
497 2063 80 26 Cour
592 2061 33 26 de
634 2065 102 26 France

791 58 38 30 eft
847 60 81 30 remis
948 61 14 28 à
987 61 25 30 la
1036 61 41 32 fin
1094 63 35 31 de
1143 71 31 21 te
1192 63 84 32 mois.
1313 63 25 31 Il
1364 71 19 31 y
1406 59 64 30 éctore

791 107 73 20 venu
882 111 39 18 un
939 103 103 33 Exprès
1058 103 33 27 de
1103 104 146 30 Verfailles
1266 113 46 26 par
1332 99 91 38 lequel
1436 102 34 22 o°

791 146 14 19 a
823 141 72 33 apris
911 148 56 26 que
985 142 37 27 les
1045 141 262 34 Plénipotentiaires
1326 143 34 28 de
1376 139 94 31 France

791 178 137 40 partirent
948 180 25 26 le
989 185 26 22 6.
1031 180 33 27 de
1084 180 24 27 la
1124 182 90 28 Cour.
1256 184 46 27 On
1319 180 39 32 les
1381 169 89 40 attend

791 215 35 27 ici
843 215 14 28 à
875 224 80 20 toute
973 217 97 27 heure.

947 257 37 26 De
997 257 28 26 ta
1042 259 70 26 Haie
1128 259 25 26 le
1161 267 43 18 13.
1219 260 132 25 Janvier.

833 293 93 28 Avant
948 293 60 28 hier
1033 295 24 28 le
1081 298 103 26 Comte
1214 299 34 27 de
1273 299 97 30 Gallas
1394 289 76 44 partît
1480 289 4 27 I

790 330 66 28 d'ici
880 341 72 26 pour
966 333 156 30 Francfort.
1162 337 71 26 Hier
1258 346 33 19 au
1319 338 86 28 matin

791 369 78 38 Buys
886 371 87 27 atriva
991 373 34 26 ici
1041 372 219 38 d'Angleterre,
1281 377 26 26 &
1336 377 18 27 il
1372 377 24 27 fe
1414 363 70 39 ren-l

790 407 43 27 dit
849 417 34 18 en
901 409 89 28 même
1006 419 90 27 temps
1114 413 14 26 à
1141 403 222 40 i'Aflembléede
1375 409 96 34 Mefl'f.

790 444 40 30 les
849 448 74 27 Etats
939 449 149 28 Généraux
1107 451 26 26 &
1149 452 33 26 de
1199 454 39 26 N.
1252 454 26 26 S.
1296 454 38 27 les
1351 456 73 26 Etats
1440 448 30 27 d*

793 483 154 31 Hollande,
972 489 46 26 On
1030 489 41 27 dit
1085 498 54 26 que
1150 490 24 26 la
1194 493 138 26 Province
1343 493 33 27 de
1387 484 83 35 Guel*

790 523 51 27 dre
857 533 14 19 a
891 528 113 24 nommé
1023 529 53 25 Mr.
1102 526 33 28 de
1154 529 152 37 Randwyk
1332 540 67 24 pour
1416 522 53 35 ai***'

791 559 53 30 (ler
868 562 33 28 de
919 563 24 27 fa
960 573 61 26 part
1044 574 52 18 aux
1110 568 183 27 conférences
1311 566 158 32 d'Utrechtj

790 608 56 25 que
863 602 96 27 Mr.de
977 602 133 38 Goflinga
1130 606 40 35 s'y
1199 607 100 26 rendra
1325 608 33 27 de
1377 611 22 26 la
1417 604 52 39 part

791 637 34 28 de
842 638 24 27 la
882 640 91 33 Frife,
993 643 26 26 Si
1038 652 52 24 que
1110 641 138 30 lesautres
1266 644 203 32 ProvincesoDt

791 680 115 24 nommé
922 678 65 28 aufli
1007 679 72 28 leurs
1097 681 275 33 Plénipotentiaites.
1414 683 57 31 Plu*

791 712 84 31 (leurs
894 716 138 28 Miniftres
1056 722 149 33 Etrangers
1222 719 63 28 fonr
1305 725 83 28 partis
1406 722 64 39 poil'
1482 725 2 7 '

790 754 131 28 Utrecht.
972 756 146 37 L'Evéque
1142 758 34 28 de
1193 758 100 28 Briflol
1311 769 89 21 arriva
1417 759 54 31 hiC

794 800 33 20 >■
848 793 51 26 foir
917 794 46 28 ici.

934 873 38 25 De
987 873 116 27 Londres
1121 873 22 27 le
1160 878 26 24 8.
1208 876 128 25 Janvier.

830 911 46 25 On
895 911 39 25 dir
952 920 53 26 que
1023 912 99 34 depuis
1136 921 56 25 que
1213 920 24 22 le
1257 917 52 26 Bill
1329 925 99 19 contre
1449 911 25 28 1*

790 946 170 28 conformité
981 948 175 27 ocafionelle
1173 961 12 15 a
1204 961 63 28 reçu
1291 956 22 26 le
1332 956 143 27 confente*

793 992 77 19 ment
888 985 83 28 Roial
990 1007 8 12 ,
1016 986 133 34 plufïeurs
1168 990 200 33 Presbitérieoi
1385 994 22 26 &
1429 998 31 22 au-

790 1030 54 19 tres
861 1026 267 27 Nonconformiftes
1140 1028 22 26 fe
1181 1030 59 27 font
1260 1041 98 27 ranges
1377 1032 98 28 volofl*

791 1064 175 28 tairementà
986 1065 22 26 la
1025 1067 196 28 Communion
1240 1072 33 24 de
1292 1072 109 33 l'Eghfe
1421 1071 37 26 An-

790 1100 120 38 glicane.
954 1104 234 34 NosNi'goci.ins
1207 1117 33 18 en
1258 1111 126 33 Tutquie
1401 1108 73 30 aiant

790 1147 63 25 reçu
872 1142 37 24 du
931 1142 105 26 Levant
1055 1152 53 18 une
1127 1144 93 27 bonne
1238 1150 128 32 quantité
1384 1149 32 27 de
1428 1143 47 32 fa*

790 1175 78 35 pêtte
883 1198 8 13 ,
909 1178 33 28 ils
958 1180 72 27 l'ont
1052 1182 92 27 vendu
1170 1185 13 26 à
1211 1185 24 26 la
1253 1187 87 27 Reine
1365 1196 69 24 pour
1453 1180 22 31 I»

790 1217 105 26 fomme
912 1217 34 27 de
963 1217 34 27 fîi
1012 1221 78 26 mille
1109 1221 79 27 livres
1207 1222 124 39 fterling.
1371 1227 46 26 On
1436 1220 39 30 dit

790 1264 53 24 que
869 1256 21 26 la
921 1256 119 30 femaine
1064 1259 156 32 prochaine
1238 1264 27 26 S.
1283 1265 38 26 M.
1338 1264 56 27 fera
1423 1264 52 26 un*

790 1294 163 34 promotion
972 1294 156 30 d'Officiers
1146 1299 33 27 de
1195 1302 117 27 marine.
1338 1303 39 26 La
1388 1305 65 26 Com-

790 1333 100 34 pagnie
908 1333 32 26 de
959 1333 22 27 la
993 1343 57 18 mer
1067 1335 37 28 dv
1121 1338 54 26 Sud
1187 1346 14 19 a
1212 1348 64 26 reçu
1286 1341 189 32 desfoufcrip'

790 1371 74 27 tions
882 1380 71 25 pour
971 1370 61 28 huit
1054 1374 145 32 millions,
1217 1380 24 22 &
1260 1387 111 19 comme
1381 1389 39 19 on
1435 1375 39 31 dit

788 1408 103 35 qu'elle
909 1419 64 20 veur
992 1409 67 30 faire
1084 1420 37 20 un
1148 1413 83 30 fonds
1247 1414 34 30 de
1299 1417 93 28 douze
1414 1414 46 31 mil-

788 1444 74 31 lions
881 1468 7 9 ,
905 1448 17 27 il
940 1448 97 30 faudra
1054 1460 37 18 uu
1109 1452 69 30 Aéte
1188 1454 34 27 dv
1234 1456 159 28 Parlement
1404 1456 69 34 pouf

785 1486 44 28 cet
846 1485 76 30 effet.
977 1488 136 37 Quoique
1147 1491 220 35 l'ajournement
1391 1496 33 27 de
1450 1491 24 28 1»

785 1524 143 30 Chambre
939 1526 48 28 dcs
1006 1530 172 27 Communes
1195 1531 53 30 foit
1270 1543 38 19 un
1319 1543 52 26 peu
1384 1535 85 33 longs

785 1563 18 26 il
821 1573 15 27 y
854 1572 14 18 a
885 1563 126 39 très-peu
1031 1565 33 28 de
1089 1576 44 19 ces
1159 1570 128 35 Députés
1310 1573 48 35 gui
1385 1572 86 28 foicflt

785 1602 66 27 allés
862 1602 139 31 chéseux.
1015 1606 40 27 La
1064 1603 112 38 plupart
1186 1609 48 27 dcs
1244 1618 92 20 autres
1345 1610 128 30 tiennent

785 1641 35 27 ici
839 1641 47 27 dcs
901 1642 187 31 conférences
1104 1648 194 31 particulières
1315 1648 44 28 fur
1377 1649 38 30 les
1433 1642 26 33 af-

785 1678 81 28 faires
889 1682 48 34 gui
964 1681 118 30 doivent
1109 1682 58 31 être
1191 1687 113 27 traitées
1320 1689 69 27 dans
1414 1687 57 28 leut

785 1717 154 28 Chambre.
978 1722 46 26 On
1041 1723 102 27 mande
1162 1724 207 40 d'Edimbourg
1387 1747 9 13 ,
1416 1727 53 37 que

785 1754 38 31 l'es
854 1759 123 27 Avocats
1002 1760 124 28 Ecoflois
1149 1762 63 28 font
1234 1762 130 31 allarmés
1387 1766 34 27 de
1446 1760 24 28 I*

785 1795 90 28 claufe
901 1796 105 28 inférée
1029 1799 69 28 dans
1120 1800 25 28 le
1168 1801 53 28 Bill
1247 1804 72 27 dont
1345 1804 18 27 il
1391 1813 14 18 a
1429 1793 40 37 été

785 1833 76 35 parlé
878 1835 154 34 ci-dcffus,
1051 1837 123 35 laquelle
1201 1843 117 33 regarde
1338 1851 69 19 ceux
1424 1845 45 30 qu»

785 1881 51 18 ont
862 1881 64 27 reçu
953 1873 25 28 la
1006 1876 132 30 Médaille
1162 1877 37 28 dv
1226 1881 181 27 Prétendant.
1444 1876 13 26 l-

785 1910 38 28 eft
846 1920 74 19 mort
937 1922 73 19 cette
1032 1915 118 28 femaine
1168 1917 14 27 à
1206 1916 139 35 l'Hôpital
1361 1922 61 31 près
1436 1912 33 28 de

785 1948 24 28 la
827 1951 81 26 Tour
927 1961 53 19 une
997 1952 100 30 femme
1114 1954 69 39 âgée
1199 1956 34 28 de
1250 1965 64 20 cent
1332 1958 58 27 vint
1410 1950 59 32 huit

785 1996 58 20 ans.

824 2027 47 28 Les
888 2028 91 30 lettres
994 2031 32 27 de
1039 2031 85 28 Paris
1139 2034 34 27 du
1192 2035 26 25 t.
1234 2043 31 18 ne
1281 2034 65 38 font
1362 2042 48 31 pas
1426 2036 45 22 en'

785 2074 57 18 etre
856 2068 135 25 arrivées.

86 2102 24 27 A
125 2104 168 26 Rotterdam
306 2120 8 14 ,
326 2109 47 27 par
383 2099 25 30 la
425 2100 86 28 Veuve
524 2102 32 26 de
568 2101 81 28 Saint
659 2102 84 27 Glatn
751 2113 8 17 :
781 2104 31 26 Et
829 2104 25 27 fe
862 2108 124 27 vendent
1000 2107 64 30 chés
1078 2111 143 27 Abraham
1234 2111 91 28 Acker
1339 2112 64 38 près

216 2140 39 33 de.
266 2139 27 30 la
308 2139 120 28 Bourfe:
446 2138 66 30 Ala
529 2139 182 30 Haiechés/*
729 2141 87 28 Veuve
830 2143 132 40 Vytweiff
978 2146 105 35 prèsde
1106 2147 26 28 la
1149 2151 98 33 Cour,
1279 2151 56 27 Sic.

169 2179 78 30 Avec
263 2180 115 30 tRIV
390 2179 400 38 lLZGEdeNçsSet£neurs
803 2181 38 32 les
860 2183 80 31 Etats
947 2187 31 27 de
991 2186 133 30 Hollande
1140 2190 32 31 *•
1180 2192 30 26 de
1224 2184 144 44 Wcfifrife.
