1530 2288
51 73 103 24 monte
168 64 14 30 î
204 63 61 31 huit
285 71 65 22 cent
364 70 92 22 trente
471 60 63 31 huit
552 60 78 32 mille
647 61 91 39 pièces

50 106 37 27 de
102 103 73 30 huit.
219 106 39 26 Le
275 111 217 21 recouvrement
517 102 34 27 de
575 110 74 21 cette
665 100 57 31 fom-

51 151 46 20 me
115 142 104 34 fe.feta
239 142 61 28 fous
324 141 39 30 les
389 141 96 27 ordres
508 139 38 28 du
566 141 124 35 Marquis
707 141 33 28 de

50 181 146 35 Caftelar,
220 180 116 30 nommé
350 177 204 31 Surintendanr
572 178 120 30 Général
710 180 34 28 de

52 229 76 21 cette
137 221 158 28 Couronne
311 220 22 26 &
353 219 34 27 de
402 216 170 39 Catalogne,
581 227 73 28 pour
670 227 77 27 paicr

53 257 246 38 ponctuellement
324 256 37 28 les
381 263 116 27 troupes
519 266 35 18 en
573 256 73 28 leurs
663 265 67 26 quar-

52 299 79 30 tiers.
172 298 40 27 Le
231 302 44 22 \6.
298 305 39 19 on
359 294 94 38 publia
476 302 40 19 un
533 295 104 28 Décret
653 304 92 27 conçu

54 345 40 20 en
111 344 45 20 ces
171 344 113 19 termes.

96 374 106 30 Comme
210 373 118 38 fuivant
352 373 35 26 les
409 373 122 26 derniers
544 373 60 26 avis
630 372 25 27 il
667 373 43 37 n'y
726 383 17 18 a

52 413 59 39 plus
135 415 52 25 lieu
206 413 32 26 de
250 413 93 26 douter
359 412 43 26 des
418 409 170 37 Ambajjades
602 410 125 38 folemnel-

54 452 56 32 les,
128 459 51 30 par
194 449 129 38 lefquelles
344 450 35 27 les
400 450 171 35 Républiques
589 451 31 25 de
634 449 92 38 Venife
735 470 8 14 ,

54 491 32 26 de
102 491 85 27 Gènes
203 491 76 30 &de
295 490 117 34 Luques,
438 497 93 18 comme
553 485 65 38 auffi
643 489 22 26 le
681 491 58 25 Duc

52 530 33 26 de
102 529 96 28 Parme
214 537 31 19 en
257 527 128 38 pafonne
393 547 9 14 ,
428 534 46 20 ont
491 526 57 38 fait
565 526 117 38 l'injufle
699 537 30 19 re-

51 566 181 40 conpoiffanct
260 568 31 26 de
321 566 157 27 l'Archiduc
494 585 9 14 ,
544 566 27 27 la
600 561 133 41 diffimula-

51 607 61 26 tion
129 608 30 26 de
180 613 76 21 notre
278 604 178 38 rcjjentimeiit
471 602 50 39 fur
544 614 35 17 un
600 606 107 35 procédé
717 605 28 37 fi

51 643 136 39 tiffençant
210 644 89 39 ferait
324 644 144 27 indécente.
524 641 69 39 C'efl
614 645 131 35 pourquoi

52 684 54 35 •j'ai
122 683 87 38 réfolu
226 693 50 26 que
291 683 21 26 le
330 683 128 35 Marquis
471 681 100 27 Berelti
585 692 48 26 que
643 681 103 38 j'avois

52 724 106 26 nommé
180 722 17 27 h
220 719 180 39 l'Ambaffade
411 722 30 26 de
455 719 93 39 Venife
559 741 6 12 ,
585 730 32 18 ne
631 722 27 26 la
677 732 53 18 rem-

50 761 79 37 plira
154 769 46 28 pas
211 780 7 13 ,
240 768 32 22 es»
289 769 48 27 que
356 759 22 27 le
394 759 129 35 Marquis
540 759 31 26 de
591 758 154 30 Monteleon

53 804 81 24 notre
149 798 105 28 Envoie
269 798 230 27 Extraordinaire
519 797 59 38 près
602 800 30 25 de
650 798 25 27 la
691 800 38 27 Ré-

50 839 128 38 publique
201 839 31 26 de
244 839 102 32 Gènes,
366 836 69 39 fa/Je
462 836 57 27 iiter
540 846 45 18 nos
602 840 97 25 Armes
715 841 31 28 <&

50 878 78 35 forte
154 875 190 39 incejjamment
356 878 32 26 de
406 874 41 38 fes
467 882 94 20 terres.
600 876 39 26 En
658 876 76 39 confé-

54 925 97 30 quence
167 915 93 38 dequoi
278 915 144 35 j'ordonne
444 924 48 27 que
511 915 34 26 les
559 914 138 37 vaijj'eaux
715 918 32 30 &

56 953 78 39 effets
156 956 32 28 éf
203 952 87 38 fujêts
313 954 31 26 de
370 953 27 27 la
411 953 167 35 'République
589 956 31 25 de
637 953 92 38 Venife
737 974 11 14 ,

56 1002 97 18 tomme
181 990 63 37 auffi
268 993 30 26 de
317 1000 65 19 ceux
404 993 30 26 de
448 992 84 27 Gênes
546 993 32 28 &
599 993 31 26 de
646 993 102 35 Luques

58 1032 34 30 C>
115 1032 33 26 du
172 1032 58 26 Duc
252 1031 30 26 de
299 1030 113 32 Parme,
437 1039 31 18 ne
484 1029 90 38 foient
600 1038 48 30 pas
663 1032 84 26 admis

56 1071 70 26 dans
143 1078 45 19 nos
203 1069 96 31 Etats,
325 1069 31 28 &
377 1078 50 26 que
450 1069 37 26 les
502 1068 139 37 vaifjeaux
656 1071 47 35 qui
713 1069 34 39 fe

53 1115 133 21 trouvent
203 1106 178 30 actuellement
399 1108 65 26 dans
480 1116 46 18 nos
536 1114 90 30 ports,
635 1117 31 19 en
680 1116 51 30 par-

53 1154 60 21 tent
130 1147 65 27 dans
215 1156 30 26 15
255 1155 76 26 jours
341 1157 7 14 :
369 1146 104 27 Comme
488 1143 64 37 auffi
572 1156 51 26 que
638 1147 35 27 les
686 1148 47 35 pri-

56 1186 104 37 vilèges
171 1186 30 30 ccV
217 1185 145 27 exemtions
377 1185 47 35 qui
441 1183 98 27 étoient
563 1186 112 26 -.cordées
691 1195 57 18 aux

53 1222 89 40 fujêts
157 1225 30 26 de
211 1233 37 18 ces
262 1222 174 37 Républiques
459 1224 31 28 &
513 1222 32 27 du
560 1222 57 27 Duc
630 1225 31 26 de
676 1224 54 28 Par-

57 1272 58 22 vie,
129 1260 143 39 cefferont,
300 1261 31 30 &
353 1270 48 28 que
425 1260 69 27 leurs
509 1260 128 37 Confuls,
652 1263 81 28 Secré-

57 1302 90 28 taires
169 1302 31 30 &
224 1299 141 37 Miniflres
387 1307 32 19 ne
433 1298 98 38 feront
550 1299 60 37 plus
628 1300 100 28 tolérés
739 1320 8 15 ,

56 1341 72 28 mais
149 1339 99 38 obligés
269 1339 31 26 de
319 1337 93 39 fortir
439 1337 190 39 incefjamment
648 1339 31 28 d;
704 1349 45 19 nos

60 1378 152 28 Roiaumes.

104 1417 37 27 Le
155 1416 110 35 Confeil
276 1416 31 27 de
317 1423 98 28 guerre
430 1416 117 27 donnera
561 1416 188 37 inceffaniment

61 1456 37 27 tes
112 1456 92 26 ordres
228 1452 150 37 néceffiiires
394 1461 69 28 pour
480 1453 77 39 faire
579 1456 124 26 exécuter
718 1466 31 17 en

63 1495 30 26 ta
111 1492 89 38 forme
215 1492 139 28 ordinaire
364 1512 8 14 ,
396 1499 65 21 cette
483 1492 158 37 Réfolulion
656 1502 93 20 entant

61 1530 92 31 qu'elle
169 1532 24 27 le
209 1540 133 19 concerne.
370 1533 78 26 Moi
476 1540 40 20 le
542 1534 84 26 Roi.

183 1571 198 32 D'Edimbourg
398 1571 22 26 te
433 1574 43 24 16.
487 1572 148 26 Décembre.

102 1607 183 30 L'acufation
306 1609 124 27 intentée
454 1618 50 24 par
522 1610 129 28 l'Avocat
676 1609 33 30 de
725 1609 26 30 la

59 1649 94 30 Reine
168 1656 99 19 contre
292 1645 130 28 l'Avocat
441 1646 148 35 Dundafs,
613 1646 141 31 renferme

60 1697 58 20 une
135 1684 198 38 tranfgreflion
350 1685 33 27 de
400 1684 136 37 pJufirurs
550 1687 131 28 rcxresde
698 1685 44 30 l'E-

57 1727 110 28 criture
180 1726 113 32 Sainte,
311 1726 26 26 &
356 1723 69 28 d'un
441 1724 87 37 grand
547 1727 117 27 nombre
681 1724 54 28 d'A-

60 1765 59 31 ctes
144 1763 231 28 Parlementaires
392 1782 9 13 ,
425 1765 48 33 qui
498 1765 167 38 enjoignent
689 1773 65 20 tous

60 1802 113 31 «J'obéir
193 1811 53 19 aux
263 1802 86 33 Rois,
373 1802 27 26 Si
425 1801 154 30 défendent
602 1801 148 30 d'infulter

60 1851 54 28 par
130 1843 47 27 des
201 1839 201 38 pafquinades,
428 1838 63 30 faits
506 1851 37 17 ou
565 1841 129 35 paroles,
713 1841 38 28 les

58 1881 93 32 Rois,
172 1887 35 19 ou
226 1889 70 19 ceux
312 1879 14 27 à
341 1879 47 34 qui
406 1878 24 27 la
449 1880 129 33 Régence
594 1889 13 18 a
621 1880 43 26 éré
679 1889 51 18 con-

58 1919 58 27 fiée
135 1919 32 26 de
184 1917 58 28 leur
259 1925 78 27 part,
360 1918 27 26 ni
410 1919 34 25 de
469 1918 109 27 donner
601 1919 117 26 atteinte
736 1919 14 27 à

58 1956 64 30 leur
141 1958 131 26 lutonté.
301 1958 46 25 On
363 1955 110 34 al'égue
490 1955 41 28 fur
549 1965 64 18 tout
630 1965 35 18 un
681 1958 65 26 Aétr

59 1996 41 27 du
126 1997 53 26 Roi
195 1996 103 35 Jaques
315 1996 37 25 V.
369 1991 150 31 défendant
540 1994 34 28 de
598 1994 85 28 femer
700 1998 47 25 des

60 2034 204 37 pafquinades,
283 2033 27 26 ni
328 2031 46 26 des
391 2030 187 39 menfonges,
600 2034 27 26 ni
652 2034 31 26 de
702 2034 44 27 fo.

60 2082 113 20 menter
200 2072 24 28 la
247 2070 129 28 dilcorde
396 2080 79 18 entre
498 2070 25 28 le
546 2073 155 26 Souverain
718 2074 26 26 &

59 2113 43 30 fes
120 2111 99 35 fujêts,
242 2109 61 28 fous
321 2111 80 27 peine
420 2109 31 25 de
470 2120 74 17 morr
563 2112 24 25 &
606 2109 126 28 confifra-

60 2148 64 33 tion
141 2152 34 28 de
190 2150 39 31 fes
244 2150 98 37 biens,
358 2157 112 22 comme
484 2148 67 31 aufli
568 2160 39 20 un
624 2150 67 31 Aéte
709 2151 39 32 du

780 64 92 32 même
889 65 99 30 Prince
1004 64 92 39 Chap.
1111 64 46 38 83!
1172 64 50 39 qui
1237 61 85 33 étend
1339 61 43 32 cet

781 104 110 38 jufqu'à
908 115 69 19 ceux
993 106 50 33 qui
1062 106 129 26 donnent
1207 106 33 27 de
1258 100 150 32 mauvaifes
1424 103 35 22 il»'

783 143 169 30 formations
977 152 34 19 au
1029 144 56 28 Roi
1109 152 98 19 contre
1230 143 39 28 fes
1289 143 99 35 fujêts,
1411 138 22 27 &
1450 138 11 20 *

782 191 71 19 ceux
863 184 47 34 qui
928 184 141 34 imputent
1084 183 33 27 de
1133 181 97 30 faufles
1246 183 155 27 acufations
1419 182 44 22 au»

781 219 103 38 fujêts,
894 230 34 19 en
944 230 80 19 vertu
1042 221 105 34 duquel
1161 221 67 28 A£l;
1239 242 8 14 ,
1259 217 154 32 Archibald

784 260 104 30 devant
912 262 103 26 Comte
1041 257 129 38 d'Argile
1200 260 43 28 fut
1273 260 156 28 condamne
1452 256 9 20 J

787 308 73 18 mort
878 308 33 19 en
932 302 79 32 1685.
1052 300 145 27 L'Avocat
1214 299 33 28 de
1271 300 24 27 la
1309 300 87 26 Reine
1413 289 53 44 pr'"

785 339 87 33 tend,
899 347 54 25 que
970 339 131 26 l'Avocat
1120 338 131 27 Dundafs
1276 337 38 28 eft
1337 327 130 46 coupable

785 376 35 28 de
835 386 43 18 ces
895 379 118 31 crimes,
1035 386 71 26 pour
1123 378 78 25 avoir
1220 385 48 26 par
1291 386 40 17 un
1354 372 113 32 dilcouï*

787 424 34 18 en
842 415 130 34 ptefence
989 415 34 27 de
1042 415 21 27 la
1074 413 115 30 Faculté
1204 416 47 26 des
1263 417 133 31 Avocats,
1406 416 64 24 vou*

787 452 27 28 lu
839 454 125 28 fourenir
989 456 86 30 qu'on
1100 452 94 28 devoit
1218 462 128 28 accepter
1367 452 22 28 la
1419 452 35 26 Mé-

787 491 85 28 daille
885 491 37 30 du
943 493 189 33 Prétendant,
1150 494 22 25 &
1192 502 70 26 pour
1277 491 78 28 avoir
1372 489 99 31 enfuitC

787 530 93 35 publié
902 541 53 18 une
973 530 154 37 prétendue
1144 529 79 28 lettre
1243 531 14 26 à
1276 530 24 27 la
1310 530 89 28 Reine
1410 528 61 37 poUt

791 578 119 26 prouver
932 572 24 25 la
974 568 107 28 fidel:té
1100 569 33 26 de
1148 578 30 18 ce
1195 569 132 37 Collège.
1357 570 39 25 La
1409 574 64 21 con*

788 607 110 28 clufion
917 607 193 35 eft,qu'érant
1126 607 139 37 coupable
1281 609 34 25 d-
1332 602 144 41 tranfgref'

790 645 59 28 (ion
867 648 47 26 des
930 648 53 26 dits
1002 647 102 33 Actes,
1115 647 17 26 il
1152 647 61 27 doit
1230 647 59 27 être
1310 645 167 28 févercmerit

789 686 67 33 puni
876 694 47 27 par
943 696 52 18 une
1019 686 128 27 fentence
1165 686 46 27 des
1226 686 87 37 Juges
1330 693 33 19 en

788 732 110 26 quence
924 725 46 27 des
990 726 71 26 Loix
1085 736 33 17 en
1137 725 131 38 général,
1300 724 107 28 fuivant
1431 716 47 33 lef'

790 763 106 28 quelles
907 772 39 19 on
965 774 34 18 ne
1017 765 59 26 doit
1094 775 45 26 pas
1155 763 139 28 entendre
1315 763 21 27 la
1349 763 81 33 peine
1448 757 31 28 de

791 810 91 26 mort,
909 804 66 26 mais
993 813 54 18 une
1077 804 132 32 punition
1228 803 145 27 arbitraire
1390 810 37 17 ou
1444 803 34 22 un

789 840 216 30 banniflement.
1028 843 170 35 Cependant
1217 843 66 26 trois
1299 842 46 26 des
1364 839 61 35 plus
1442 836 26 28 fa-

793 888 81 19 meux
893 882 120 26 Avocats
1030 881 24 27 fe
1074 882 146 33 préparent
1245 881 15 27 à
1284 879 109 37 plaider
1413 879 67 32 pout

791 917 59 27 leur
873 919 159 37 Collègue,
1056 921 89 26 lavoir
1165 919 38 28 les
1225 918 165 28 Chevaliers
1413 918 52 27 For-

789 954 78 35 bïfs,
882 957 118 28 Sinclair
1020 959 24 25 &
1063 958 113 35 Pringle
1189 978 8 14 ,
1217 959 24 25 &
1261 958 59 27 l'on
1342 965 34 19 ne
1393 956 87 27 doute

793 1003 46 27 pas
863 1004 53 26 que
939 1005 31 20 ce
998 996 128 38 plaidoïé
1149 1006 35 20 ne
1215 996 53 28 foie
1302 994 164 30 très-rcmar-

790 1032 90 28 cable.

920 1077 40 24 De
976 1077 117 25 Londres
1113 1077 13 25 l
1155 1084 22 26 5.
1191 1077 133 33 Janvier.

831 1119 40 20 La
889 1119 89 21 Reine
997 1119 78 22 étant
1100 1119 98 24 remife
1221 1119 86 21 d'une
1331 1119 138 30 indifpofï-

790 1149 61 27 tion
874 1149 105 33 qu'elle
1003 1161 13 17 a
1036 1161 18 18 v
1078 1160 44 19 ces
1144 1152 124 27 derniers
1293 1152 102 33 jours,
1421 1146 63 32 s'eft

790 1187 107 28 rendue
915 1189 172 34 aujourdhui
1106 1189 69 27 dans
1191 1189 24 27 fa
1234 1188 138 37 Chapelle
1390 1189 34 26 de
1443 1189 41 27 St.

784 1227 94 35 James
894 1235 65 19 avec
978 1228 37 27 les
1029 1228 175 27 cérémonies
1218 1227 266 37 acoutuméespour

787 1264 124 30 célébrer
930 1265 24 28 la
969 1265 66 30 Fête
1056 1266 34 27 de
1106 1266 85 28 Noël.
1233 1267 41 26 Le
1297 1265 77 28 bruit
1397 1273 84 21 court

787 1312 53 24 que
863 1303 174 30 l'ouverture
1061 1304 37 28 du
1114 1305 129 35 Congrès
1269 1305 15 27 à
1300 1303 119 31 Utrecht
1443 1313 35 20 ne

788 1342 25 28 fe
828 1341 57 30 fera
900 1352 56 26 que
972 1343 25 28 le
1015 1352 46 26 17.
1075 1352 38 19 ou
1131 1345 26 26 le
1176 1346 44 26 îS.
1237 1344 35 27 de
1287 1352 31 19 ce
1335 1344 84 27 mois.
1435 1345 43 26 La

787 1382 116 32 Banque
924 1381 198 38 d'Angleterre
1143 1391 14 18 a
1178 1382 81 27 traité
1279 1391 66 19 avec
1372 1380 105 31 Milord

785 1419 165 35 Treforier,
974 1422 25 26 &
1017 1420 63 28 s'eft
1106 1419 124 40 engagée
1245 1419 150 31 d'avancer
1413 1422 14 27 à
1442 1423 34 26 Sa

791 1457 112 34 Majefté
922 1457 21 28 la
963 1459 106 30 fomme
1084 1469 54 26 que
1155 1459 25 30 la
1196 1469 65 20 taxe
1276 1459 46 30 fur
1337 1461 40 28 les
1390 1469 87 22 terres

788 1505 67 24 peut
872 1498 152 34 produire,
1041 1502 15 25 à
1074 1500 64 32 cinq
1155 1508 72 24 pour
1243 1508 66 20 cent
1332 1499 146 30 d'intérêts

787 1533 163 30 feulement.
992 1538 53 27 Les
1061 1537 208 30 Commiffaires
1289 1537 102 31 établis
1406 1547 73 26 pour

788 1573 69 28 faire
873 1573 39 27 les
935 1573 143 31 fonctions
1093 1576 37 28 du
1144 1577 96 28 Garde
1261 1577 35 27 du
1313 1578 71 27 Seau
1402 1578 77 34 privé

787 1622 37 20 en
849 1612 138 28 l'abfence
1003 1615 34 27 de
1054 1613 136 35 l'Evêque
1206 1615 35 28 de
1257 1613 123 35 Briftol,
1394 1618 69 27 n'en-

787 1659 107 20 treront
911 1661 35 19 en
964 1652 148 32 pofltflion
1134 1654 35 30 de
1186 1663 72 19 cette
1273 1652 113 39 Charge
1400 1657 65 31 qu'a-

789 1691 63 32 près
874 1691 39 26 les
937 1691 78 28 Rois.
1071 1694 39 26 La
1127 1693 178 38 Compagnie
1329 1691 47 28 des
1393 1694 87 28 Indes

787 1728 161 28 Orientales
969 1730 57 27 tint
1046 1731 112 27 Samedi
1182 1741 54 19 une
1256 1730 157 30 AtTemblée
1429 1740 33 21 ex-

785 1768 189 27 traordinaire
989 1769 141 28 touchant
1146 1769 48 28 fon
1212 1779 163 20 commerce
1391 1780 34 19 en
1444 1779 33 21 ce

787 1806 106 34 pais-là
909 1827 8 14 ,
937 1808 26 26 &
976 1808 257 31 particulièrement
1243 1808 43 28 fur
1296 1808 24 27 la
1329 1818 58 18 mer
1397 1811 60 27 Rou-

790 1853 43 27 ge.
876 1846 40 27 Le
943 1846 92 27 même
1054 1847 63 33 jour
1133 1847 26 28 le
1178 1847 78 27 Lord
1281 1848 85 26 Maire
1391 1851 24 24 &
1437 1848 37 27 les

787 1883 384 38 Echevinss'affemblérerit,
1188 1887 24 26 &
1226 1886 109 27 élurent
1346 1885 113 30 fixCon-

787 1919 103 31 feiHers
906 1924 34 27 de
957 1924 66 27 ville
1038 1926 48 32 qui
1104 1925 60 27 font
1175 1933 65 19 tous
1257 1925 58 27 fort
1324 1920 136 32 affection-

788 1961 48 25 nés
859 1964 67 25 àSi
957 1963 123 30 Majefté.
1131 1965 46 26 On
1204 1964 40 27 dit
1267 1974 54 24 que
1341 1964 25 27 la
1383 1964 90 28 Reine

785 2006 66 20 veut
869 2003 73 24 créer
958 2000 37 28 fix
1015 2004 73 25 Pairs
1107 2002 33 28 de
1160 2001 25 28 la
1201 2003 115 27 Grande
1335 2004 138 34 Bretagne

784 2046 47 24 qui
852 2037 92 27 feronr
969 2040 128 37 Anglois.
1153 2042 40 27 Le
1214 2043 61 26 Duc
1305 2043 30 24 de
1354 2041 100 28 Kenra-

784 2083 60 19 iant
860 2080 43 24 été
915 2078 48 28 fart
980 2081 187 26 Gouverneur
1191 2081 34 26 du
1244 2081 143 27 Comtédc
1401 2076 54 31 Bed-

781 2111 63 30 forH
863 2138 7 9 ,
892 2118 15 24 il
928 2127 11 14 a
959 2117 77 31 prêré
1056 2121 22 25 le
1095 2118 118 30 ferment
1231 2119 69 26 dar.s
1316 2119 25 26 le
1356 2112 117 33 Confeil

782 2161 73 30 pour
872 2164 73 22 cette
961 2156 112 40 charge.
1116 2160 56 27 Mr.
1183 2160 72 37 Jc»n
1274 2151 180 46 Morlcyd'Ef-

1427 2193 45 31 fe*
