1446 3542
74 190 129 39 SUivant
221 190 56 39 les
294 190 73 39 avis
385 190 37 39 de
439 190 110 39 Suiffe
567 190 37 39 du
621 190 37 39 2.
676 190 37 39 on
730 190 92 39 enfin
840 190 128 39 convenu
985 190 19 39 á
1022 190 92 39 Arrau
1131 190 73 39 d'un
1222 190 110 39 projct
1350 190 37 39 de

204 237 77 31 paix.
302 233 50 28 Les
370 242 112 31 troupes
501 244 32 18 ne
553 235 138 32 laiflercmt
698 247 50 31 pas
757 237 34 31 de
801 239 84 34 refter
892 253 37 20 en
937 244 167 41 Campagne
1114 265 8 13 ,
1143 255 70 19 mais
1224 244 61 28 elles
1297 247 90 33 feront

202 273 67 25 dans
280 273 7 25 1
299 275 124 26 inaction
436 294 7 12 ,
458 273 110 40 jufqu'à
576 278 25 27 la
611 275 176 32 ratification.
813 282 38 27 Ce
863 283 87 38 projet
960 294 78 28 porte
1049 295 52 27 que
1116 282 99 30 i'Abbé
1232 283 33 28 dc
1276 287 38 26 St.
1325 291 61 27 Gai

202 319 12 17 s
223 311 202 52 açommodcra
435 322 63 19 avec
507 314 38 28 les
556 314 72 32 deux
639 320 135 27 Cantons.
804 322 64 35 Que
880 322 24 28 le
914 322 222 38 Tockcmbourg
1144 321 99 30 reftera
1254 322 41 30 fur
1307 325 22 28 L-
1342 327 45 35 pfc

132 385 13 14 j
176 358 38 41 »*!
244 390 17 9 „
293 359 18 40 f,
313 359 28 19 ar
352 360 40 39 Cel
393 358 26 21 lX
431 352 33 27 dc
476 356 69 26 Bcm
555 356 69 30 &de
634 353 65 32 inn
704 369 27 31 'è'
752 360 65 35 Que
861 361 102 30 Comté
972 363 33 28 de
1017 363 80 32 Bade,
1110 361 167 38 Mcllingue,
1291 366 80 31 Brcrh-

74 387 89 35 garde
171 387 60 30 &le
243 389 120 40 Baillagc
374 390 33 30 de
419 392 91 30 Kellcr
522 392 133 33 relieront
665 396 32 30 de
707 399 58 27 bon
775 400 74 30 droit
860 412 54 19 aux
924 403 72 28 deux
1006 404 135 26 Cantons.
1172 404 24 25 A
1213 392 107 48 Fégard
1341 407 46 31 des

74 429 86 33 griefs
171 429 33 26 de
217 429 144 41 Religion,
373 431 33 27 ils
418 432 92 27 feront
519 436 133 30 terminés
666 438 14 27 à
690 437 150 35 l'amiable,
853 445 26 25 &
891 441 120 39 l'égalité
1019 438 57 31 fera
1084 438 125 31 rétablie.
1256 445 90 37 Après
1362 449 25 30 1a

74 468 169 28 xauhcation
254 468 33 28 de
298 470 25 26 la
332 480 65 26 paix
411 491 7 12 ,
439 482 63 19 tous
513 472 37 30 les
560 476 96 30 points
667 477 91 28 feront
767 481 56 25 mis
831 490 33 15 au
875 484 80 21 nee&
967 477 117 28 publiés.

263 515 93 25 Suite
372 515 53 27 des
443 515 156 32 nouvelles
614 517 38 30 de
669 516 139 32 Londres
821 522 38 26 du
878 535 25 13 5.
921 522 37 26 de
976 528 34 20 ce
1026 515 85 33 mois.

64 587 4 9 ,
110 556 77 38 »P
191 560 18 19 n
234 556 84 25 àvoit
340 562 53 19 cru
410 563 59 30 que
493 556 30 28 la
543 557 162 33 Chambre
726 562 53 30 des
804 561 193 30 Communes
1023 560 87 39 après
1130 563 90 31 avoir
1241 566 143 41 plufieurs

67 606 26 14 3,
115 589 59 30 fois
191 601 118 30 promis
327 593 15 30 à
360 595 26 28 la
405 594 103 33 Reine
523 599 203 41 d'empêcher
744 604 92 39 qu'on
855 600 158 40 imprimât
1030 601 28 30 ni
1078 613 37 20 ne
1133 606 119 39 publiât
1267 607 98 30 desLi-

67 646 26 17 3,
115 631 98 32 belles
235 632 203 40 fcandaleux,
459 639 102 30 auroit
585 651 58 21 mis
666 643 27 30 la
710 641 142 33 dernière
875 641 83 30 main
986 651 37 20 au
1043 641 59 32 Bill
1128 657 74 28 pour
1228 646 74 33 faire
1326 657 58 22 une

67 689 26 17 3,
117 672 60 31 Loi
196 673 151 34 là-defï'us.
390 678 84 31 Mais
489 690 126 22 comme
634 683 40 30 les
693 684 107 32 Torris
823 691 106 22 contre
950 683 52 38 qui
1023 684 28 31 la
1070 687 122 40 plupart
1208 690 37 28 de
1260 697 51 20 ces
1330 685 37 33 Li-

64 730 26 15 ai
113 713 97 33 belles
224 724 58 24 ont
298 718 50 31 été
364 717 86 38 faits-,
461 731 37 21 ne
517 720 65 32 font
600 733 50 30 pas
665 725 107 32 allures
789 724 119 33 d'avoir
925 720 136 43 toujours
1078 729 28 30 le
1124 730 260 30 Gouvernement

65 770 26 18 3>
113 764 89 22 entre
222 758 44 32 les
282 761 119 35 mains,
424 771 40 20 on
483 763 248 40 préfume.qu'ils
751 777 54 20 ont
830 763 104 33 trouvé
959 764 67 39 plus
1048 770 15 26 à
1088 778 110 30 propos
1220 770 34 26 de
1281 767 103 35 biffer

67 813 24 17 i.
115 798 125 31 tomber
256 809 37 24 ce
305 800 159 45 Bill,pour
480 806 89 30 avoir
582 806 27 30 la
628 808 104 32 même
749 808 109 33 liberté
876 804 203 33 dedéelamer
1094 817 107 21 contre
1222 807 41 30 le>
1279 808 105 44 Whjgs

64 855 24 17 3,
110 848 40 21 en
168 850 50 19 cas
235 843 94 40 qu'ils
346 842 123 34 vinfent
487 849 15 27 à
521 848 164 41 reprendre
703 849 26 32 le
745 850 105 32 deflus.
883 848 52 30 On
954 856 13 19 a
984 848 106 37 depuis
1104 856 59 31 peu
1179 848 133 40 répandu
1331 862 53 30 par

63 895 26 18 o,
112 891 83 22 cette
214 885 73 33 ville
311 896 57 21 une
387 888 154 32 Brochure
560 889 143 31 intitulée
723 893 102 32 Lettre
844 893 37 28 du
904 888 90 32 Carré
1013 888 32 28 de
1069 887 107 41 Suffolk
1195 891 90 30 écrite
1310 892 18 30 à
1350 905 34 20 un

63 938 24 15 3,
106 921 132 33 Membre
265 928 38 28 du
326 928 167 31 Parlemeut
520 932 38 27 du
587 932 87 30 Parti
704 934 46 28 des
772 934 117 38 Rigides
908 954 8 13 ,
952 933 85 43 dans^
1058 930 133 41 laquelle
1238 933 146 33 l'Auteur

63 979 25 19 3,
112 961 58 28 fait
185 965 110 35 l'éloge
311 967 40 27 du
370 971 92 25 vieux
481 965 178 38 Minrftére,
680 984 34 15 ce
731 974 76 32 qu'il
824 973 128 34 prétend
970 971 105 40 apuicr
1090 981 53 31 par
1162 972 141 38 plufieurs
1319 978 47 25 rai-

63 1016 21 19 „
106 999 80 35 ions,
197 1000 31 32 &
240 1012 38 21 en
296 1005 103 31 même
410 1012 102 34 temps
521 1013 72 25 veut
612 1004 76 34 faire
705 1009 66 30 voir
787 1018 57 31 que
868 1009 27 31 le
915 1012 292 38 preieiuMimftére
1224 1011 63 43 agit
1300 1012 84 32 félon

67 1061 26 15 3,
117 1042 44 32 les
177 1043 141 39 intérêts,
341 1049 32 28 Se
391 1057 60 21 non
469 1057 52 28 pas
542 1049 85 31 félon
653 1051 27 31 le
703 1051 72 30 bien
790 1054 37 30 de
850 1051 112 33 l'Etat.
1006 1056 52 32 On
1076 1057 85 31 vient
1176 1057 71 33 d'en
1266 1056 118 40 publier

66 1102 22 17 ».
113 1093 59 24 une
189 1096 85 22 autre
291 1088 51 41 qui
365 1100 15 18 a
399 1097 76 32 pour
489 1090 73 31 titre
583 1091 155 31 Mémoires
752 1093 38 27 du
806 1094 155 32 Chevalier
977 1100 33 28 de
1024 1098 45 31 St.
1087 1100 129 40 George,
1239 1096 41 37 où
1296 1101 71 30 l'Au-

67 1144 24 15 3,
113 1135 69 22 teur
197 1139 72 21 veut
285 1139 133 31 prouver
439 1139 60 30 que
517 1133 26 28 le
563 1131 188 31 Prétendant
771 1131 43 31 eft
837 1134 45 28 fils
906 1136 139 40 légitime
1068 1142 17 26 d
1090 1150 15 18 u
1124 1142 28 27 R
1156 1153 31 18 Ol
1207 1144 12 21 T
1224 1155 28 18 ai
1254 1154 27 18 „,
1286 1153 14 21 e
1306 1154 27 22 s,
1356 1142 28 30 Se

65 1187 24 14 3,
113 1178 52 30 par
178 1169 189 41 conféquent
383 1169 128 32 héritier
524 1170 37 34 d.e
579 1174 28 27 la
624 1173 168 30 Couronne
808 1174 243 39 d'Angleterre,
1072 1181 37 28 Se
1127 1181 22 28 il
1173 1182 30 30 fe
1226 1183 80 32 vend
1331 1193 35 27 pu-

67 1227 21 14 ji
112 1202 209 48 iniquement.

99 1270 22 14 
144 1253 50 26 Les
213 1247 103 44 Eglifes
332 1250 161 37 Françoifcs
504 1252 50 40 qui
574 1251 61 30 font
653 1253 132 31 lefervice
802 1266 34 19 en
852 1256 27 30 la
895 1257 125 28 manière
1042 1259 177 39 Anglicane,
1240 1278 50 18 ont
1312 1266 58 31 réfo-

63 1306 22 14 ,,
106 1290 27 30 lu
152 1290 33 28 de
204 1289 137 41 prefeiner
359 1291 64 30 aulli
442 1303 51 18 une
514 1290 109 31 Adreffe
643 1292 15 28 à
677 1297 24 26 S.
724 1296 43 26 M.
788 1305 34 19 au
846 1293 65 43 fujet
922 1296 46 30 des
987 1296 194 43 négociations
1192 1302 33 27 dc
1234 1306 78 34 paix.
1337 1310 47 25 On

63 1346 24 15 
106 1329 40 30 dit
164 1329 157 40 qu'auffirôt
340 1331 99 39 qu'elle
458 1331 57 28 fera
531 1332 116 30 conclue
667 1352 7 13 ,
698 1344 38 18 on
755 1332 58 31 fera
831 1345 38 19 un
887 1337 231 40 embarquement
1134 1337 33 30 dc
1185 1349 117 30 rroupes
1313 1357 71 21 pour

71 1387 22 8 
111 1369 26 26 la
158 1380 58 15 mer
239 1370 38 25 du
294 1370 64 25 Sud.
1313 1365 9 19 *

406 1415 34 25 Du
457 1415 69 25 Camp
542 1415 69 25 prés
627 1415 34 25 du
678 1415 119 25 Quefnoi
814 1415 34 25 le
865 1415 18 25 7
899 1415 136 25 Juiller.

99 1449 221 28 HierentrcB&
341 1460 14 24 9
376 1449 98 28 heures
493 1449 37 30 du
547 1452 109 34 matin,
678 1453 25 28 la
720 1454 133 40 garnifon
873 1453 78 35 fortit
969 1457 33 30 dc
1019 1459 26 30 la
1059 1459 85 40 place.
1192 1457 35 28 Le
1247 1457 113 32 Gouver-

63 1495 70 21 neur
151 1488 47 39 qui
217 1487 69 28 étoit
305 1487 15 28 à
343 1488 25 26 la
386 1488 52 30 tête
457 1488 80 31 d'une
549 1501 98 30 troupe
666 1487 235 47 desprincipaux
913 1498 131 31 Officiers
1063 1508 60 19 tous
1144 1496 14 31 à
1175 1495 111 32 cheval,
1307 1495 77 33 falua

69 1535 35 18 en
124 1528 104 26 fortant
246 1527 24 27 le
289 1527 123 28 Général
431 1530 100 40 Fagel,
555 1533 48 37 qui
621 1533 39 26 lui
672 1532 31 27 fit
713 1537 184 35 compliment
908 1540 43 26 fur
963 1537 26 30 fa
1002 1538 163 41 vigoureufe
1182 1533 118 35 défenfe.
1332 1539 50 26 On

61 1573 19 19 a
97 1565 50 28 fait
162 1576 87 20 entrer
275 1577 72 22 ixoq
366 1565 131 33 hommes
517 1569 70 30 dans
606 1570 26 28 la
652 1571 93 37 place,
767 1583 34 17 en
827 1576 142 28 attendant
996 1586 53 28 que
1075 1579 37 27 les
1139 1576 139 43 régimens
1298 1576 47 43 qui
1365 1585 18 31 y

63 1603 116 31 doivent
196 1605 85 38 refteç
300 1618 30 15 en
350 1605 155 39 garnifon,
534 1606 87 30 foient
640 1610 144 28 nommés.
833 1612 48 27 On
908 1624 32 17 va
967 1616 138 28 travailler
1136 1619 206 28 inceflanimcnt
1368 1615 17 30 à

63 1644 129 30 combler
210 1646 35 26 les
263 1651 112 22 travaux
398 1664 7 13 ,
426 1650 26 24 &
470 1645 14 28 à
503 1657 128 19 remettre
650 1649 26 28 la
699 1650 64 27 ville
781 1659 34 18 en
833 1649 53 31 état
911 1651 34 28 de
965 1651 119 31 défenfe.
1124 1658 39 27 La
1189 1658 191 37 Capitulation

59 1684 90 34 qu'on
165 1694 17 18 a
197 1682 118 27 acordée
334 1691 52 19 aux
410 1685 135 37 François
568 1683 39 31 eft
624 1696 104 32 conçue
754 1700 33 18 en
814 1698 43 21 ces
875 1700 111 19 termes.

98 1722 25 28 /.
145 1722 46 27 La
200 1722 136 40 garnifon
347 1722 65 38 fera
425 1723 61 38 prif
488 1724 113 28 minière
615 1727 32 25 de
659 1736 116 26 guerre.
808 1729 48 27 11.
882 1731 44 26 On
941 1730 102 30 acorde
1065 1742 60 18 aux
1143 1736 129 39 Officiers
1286 1737 77 31 l'hon-

56 1772 74 20 neur
143 1762 32 27 de
185 1762 110 35 garder
309 1763 102 38 l'épée.
452 1762 72 31 111.
549 1763 86 31 Toute
652 1766 28 28 la
693 1767 141 40 garnifon
849 1769 167 43 confiervera
1032 1772 47 38 fis
1097 1772 154 43 équipages

54 1811 54 30 ges
124 1800 39 33 &
178 1801 79 41 effets
273 1806 48 37 qui
334 1805 40 27 lui
392 1806 219 37 apartiennent,
634 1807 107 31 chacun
771 1820 33 18 en
817 1811 53 41 fin
885 1813 182 39 particulier.
1110 1812 56 30 IV.
1191 1815 45 31 On
1243 1819 142 38 fournira

58 1843 43 30 des
123 1841 126 33 chariots
270 1841 168 43 néceffaires
464 1853 72 32 pour
560 1846 24 30 le
600 1850 146 39 tranfport
764 1851 46 32 des
823 1853 136 41 bagages.
1003 1854 31 31 V.
1058 1854 53 31 Les
1130 1853 117 41 afttégés
1264 1861 105 31 évacue-

57 1892 71 22 ront
144 1896 51 19 une
210 1893 81 32 porte
309 1885 71 30 dans
394 1898 51 18 une
462 1887 74 31 demi
556 1887 98 32 heure.
680 1918 4 7 ,
696 1891 54 30 VI.
771 1892 41 30 Le
830 1894 209 33 Commandant
1059 1897 115 41 s'oblige
1201 1898 33 28 de
1252 1899 137 35 dé/évrer

53 1925 71 40 fans
137 1926 77 31 délai
228 1937 60 20 aux
302 1926 211 44 Comm'tffaires
534 1941 37 19 un
588 1931 63 30 état
665 1932 47 30 des
737 1936 152 28 munitions
912 1938 32 28 de
963 1951 105 27 guerre
1084 1938 39 35 &
1139 1939 32 31 de
1189 1938 103 32 bouche
1312 1944 77 39 qu'il

57 1977 24 30 y
93 1978 18 18 a
125 1967 69 31 dans
208 1969 30 27 la
255 1969 66 28 ville
332 1991 7 12 ,
359 1972 65 35 fans
441 1981 31 18 en
494 1972 63 30 rien
578 1972 142 31 diminuer
732 1975 28 28 ni
771 1972 90 40 gâter
876 1998 8 13 ,
898 1976 70 43 fous
981 1983 80 37 peine
1078 1983 32 27 de
1128 1983 102 30 nullité
1256 1983 47 27 des
1313 1991 57 31 p,-e-

53 2009 67 40 -fens
133 2009 136 30 Articles.
312 2011 77 30 VIL
413 2014 45 27 On
476 2011 171 33 découvrira
660 2015 201 40 pareillement
878 2020 32 28 de
931 2020 85 31 bonne
1023 2022 50 40 foi
1087 2023 40 28 les
1141 2027 85 28 mines
1235 2047 8 13 ,
1258 2023 38 31 les
1306 2031 56 32 pou-

58 2050 67 31 dres
142 2052 162 35 enterrées,
321 2050 65 34 &c.
426 2054 100 30 VIII.
555 2055 113 40 Chaque
686 2055 70 33 Cors
762 2056 73 43 fera
849 2072 51 19 une
915 2061 59 40 lifie
993 2067 99 27 exaele
1108 2065 47 30 des
1173 2068 126 28 Officiers
1316 2074 67 24 tant

59 2094 35 27 de
111 2102 71 20 ceux
198 2104 48 30 qui
254 2095 19 38 J
275 2101 47 22 ont
338 2105 32 19 en
396 2094 85 31 bonne
497 2096 72 39 fiant
570 2098 26 33 ê,
615 2108 52 32 que
683 2100 46 28 des
744 2101 125 31 malades
887 2102 38 34 &
940 2106 46 28 des
1009 2105 115 40 bleffés,
1148 2107 38 33 &
1201 2109 47 31 des
1267 2108 119 39 Sergent

63 2133 178 39 çyfoldats,
265 2133 64 32 &c.
369 2137 53 28 Ces
437 2135 73 39 liftes
517 2138 102 41 feront
634 2141 97 38 prêtes
752 2141 115 31 demain
882 2146 18 27 à
917 2153 18 26 7
950 2143 150 32 heures'du
1117 2151 110 32 matin,
1247 2158 73 31 pour
1336 2164 33 17 re-

59 2184 99 21 cevoir
180 2173 31 28 la
230 2177 98 38 parole
346 2176 158 35 d'honneur
521 2179 33 30 de
569 2187 63 21 tous
648 2181 38 27 les
702 2181 128 39 Officiers
847 2183 33 28 de
896 2185 31 27 la
935 2185 158 38 garnifon,
1117 2194 66 21 tant
1207 2199 33 18 en
1256 2191 129 35 général

61 2217 87 40 qu'en
162 2218 196 35 particulier,
381 2217 38 34 &
435 2226 74 33 pour
523 2220 120 41 difpofer
663 2222 47 30 des
725 2223 118 39 Sergent
859 2222 38 32 &
912 2225 185 39 desfoldats,
1122 2237 103 18 comme
1241 2213 30 43 if
1272 2230 30 35 fe
1312 2237 56 30 pra-

63 2258 80 38 tique
158 2264 33 19 en
204 2258 98 38 pareil
315 2270 58 19 cas.
416 2261 63 31 IX.
503 2263 44 28 La
561 2262 135 41 garnifon
709 2263 34 40 fe
759 2264 113 30 tiendra
889 2265 84 40 prête
990 2264 17 32 à
1026 2267 130 30 marcher
1169 2267 124 41 fuivant
1307 2269 61 31 l'or-

60 2298 53 31 dre
130 2306 48 30 qui
195 2308 33 20 en
234 2300 70 40 fera
321 2301 98 31 donné.
464 2303 33 31 X.
524 2304 25 28 A
565 2304 120 38 l'égard
703 2306 46 30 des
771 2304 130 32 chevaux
922 2307 32 30 de
973 2308 28 28 la
1025 2309 144 30 cavalerie
1191 2307 38 34 &'
1244 2309 46 30 des
1304 2310 53 32 dra-

56 2347 73 32 gons
138 2359 7 12 ,
169 2339 35 30 Us
221 2341 137 39 referont
373 2343 71 30 dans
465 2344 30 30 la
514 2344 102 39 place,
641 2355 38 20 ait
683 2346 30 38 fi
725 2346 60 32 bien
801 2357 51 32 que
869 2348 39 31 les
921 2361 94 19 armes
1033 2350 183 41 desfoldats,
1240 2352 46 30 des
1303 2353 53 32 dra-

57 2388 73 32 gons
145 2379 38 31 &
197 2380 47 31 des
262 2383 139 39 Sergent,
424 2383 38 34 &
483 2386 38 30 les
537 2387 150 40 drapeaux
705 2388 38 33 &
758 2391 150 32 étendarts
922 2393 46 31 des
986 2394 139 40 régimens
1136 2418 8 15 ,
1169 2395 39 31 les
1227 2395 145 33 tambours

61 2422 38 31 &
124 2427 96 21 autres
242 2422 164 40 tnflrumens
429 2426 102 40 feront
555 2430 125 28 délivrés
710 2431 18 27 à
751 2443 70 20 ceux
843 2437 50 30 nui
915 2437 70 39 font
1009 2440 115 28 commis
1143 2446 76 33 pour
1243 2447 45 24 cet
1307 2440 77 39 effet.

65 2466 59 28 XI.
148 2466 37 21 Le
197 2472 48 28 qui
261 2466 37 39 eft
315 2467 69 30 dans
399 2469 31 30 la
443 2467 100 40 place,
566 2480 104 19 comme
685 2470 39 30 les
731 2472 90 37 fours
835 2477 39 30 &■
888 2485 99 22 autres
1012 2479 92 39 chofes
1123 2481 150 38 publiques
1286 2492 33 20 ne
1332 2483 35 38 fe-

60 2507 67 30 ront
141 2507 81 32 point
247 2506 106 38 gâtes,
373 2511 31 27 ni
419 2510 40 28 les
476 2511 144 40 magafins
637 2512 156 39 diminués,
817 2515 72 39 ainfi
902 2519 77 37 qu'il
992 2518 37 39 eft
1048 2522 129 37 exprimé
1195 2524 71 28 dans
1278 2524 24 27 1e
1320 2524 53 27 VI.

63 2546 112 31 Article
228 2549 80 28 XII.
334 2550 79 31 Ceux
436 2554 48 38 qui
510 2561 50 21 ont
587 2555 47 28 été
656 2552 74 38 faits
746 2556 175 40 prifonuiers
943 2564 57 32 par
1019 2559 39 27 les
1081 2559 112 44 affiegés
1212 2564 124 39 pendant
1356 2563 26 28 le

54 2590 98 39 fiege,
168 2590 97 31 feront
282 2590 92 40 cenfés
391 2594 60 28 être
470 2603 33 19 en
519 2595 91 39 pleine
626 2594 113 33 liberté,
752 2593 39 33 e>
804 2597 124 38 dégagés
943 2597 33 30 de
991 2598 61 31 leur
1068 2607 112 34 parole.
1208 2606 52 30 XI
1265 2603 46 28 IL
1326 2602 56 31 Les

63 2628 130 32 malades
222 2628 38 34 &■
275 2630 39 32 /«
333 2631 96 43 hlcffés
445 2634 104 40 feront
563 2635 194 41 tranfportés,
780 2637 70 39 auffi
861 2637 60 30 bien
935 2649 52 30 que
1004 2642 38 28 les
1058 2642 124 44 bagages
1196 2644 38 34 &
1250 2646 37 28 les
1300 2644 66 39 équi-

61 2674 106 37 pages,
185 2674 20 32 p
209 2681 27 18 at
237 2681 6 6 -
259 2673 24 28 le
294 2673 69 40 plus
380 2682 81 21 court
478 2675 110 32 chemin
602 2678 70 30 dans
686 2678 28 30 la
735 2679 144 37 première
895 2681 81 38 place
992 2683 32 30 de
1041 2685 109 33 France
1201 2688 84 31 XIV
1312 2687 47 30 Po-

57 2708 86 45 fonne
157 2717 32 19 ne
206 2714 138 31 touchera
359 2726 59 19 aux
439 2727 13 18 e
454 2714 39 41 p
496 2725 27 21 u
543 2720 110 30 wmx
676 2719 122 38 hagages
820 2720 46 31 des
881 2722 145 43 Officiers,
1048 2730 30 28 ni
1101 2740 31 19 ne
1148 2728 172 40 dépouillera
1341 2727 40 28 les

56 2757 117 38 joiaats
189 2757 76 28 delà
275 2759 146 37 garnifon.
464 2758 66 30 XV.
554 2759 132 43 Quoique
705 2766 79 22 toute
800 2763 30 30 la
842 2766 137 40 garnifon
986 2767 61 41 fait
1062 2772 174 38 prifonniére
1251 2770 32 30 de
1291 2776 90 31 guer*

67 2800 48 24 re,
138 2797 38 39 <^
191 2802 51 30 que
253 2804 58 33 par
334 2798 168 41 conféquent
517 2800 107 32 chacun
637 2803 61 41 foit
712 2799 92 43 obligé
817 2806 32 30 de
863 2809 139 40 répondre
1017 2820 33 19 en
1059 2812 189 39 particulier,
1272 2806 106 34 &tous

66 2838 184 33 engénéral,
272 2839 47 30 des
334 2838 91 32 dettes
439 2844 50 37 qui
507 2851 50 21 ont
580 2844 47 28 été
654 2848 176 31 contradées
841 2857 74 33 pour
934 2851 25 30 le
971 2851 113 40 firvice
1097 2852 38 28 du
1157 2851 56 31 Roi
1226 2850 32 27 de
1272 2848 109 32 France

413 2883 70 28 dans
498 2883 25 30 le
535 2889 66 33 pais
620 2884 46 31 des
681 2885 148 41 environs,
852 2903 34 18 on
898 2893 34 40 fe
954 2901 164 21 contentera
1139 2893 33 28 de
1194 2889 122 39 prendre
1339 2901 39 21 un

69 2919 113 35 Officier
202 2919 33 28 de
255 2921 157 39 diftinéîion
433 2935 71 18 avec
519 2924 25 30 le
557 2922 194 44 Coémi/faire
765 2930 46 31 des
822 2943 120 30 guerres
961 2934 46 34 ,le
1019 2931 139 39 Trefarter
1172 2929 70 33 &le
1256 2935 128 33 premier

67 2961 124 24 Lommts
210 2959 47 33 det
280 2965 96 30 vivres
398 2967 48 38 qui
468 2965 70 41 font
560 2967 70 30 dans
654 2967 30 30 la
703 2969 99 38 place,
833 2972 39 35 &
891 2975 51 38 qui
964 2983 19 30 y
1006 2970 136 40 refileront
1167 2979 73 33 pour
1263 2973 119 43 Otages.

158 3034 13 18 t
210 3013 30 38 À
263 3006 107 39 otages
394 3009 208 31 travailleront
624 3008 209 43 inceffamnicnt
855 3014 18 30 à
895 3014 93 39 régler
1013 3014 39 27 les
1080 3020 122 33 comptes
1224 3013 47 31 des
1291 3018 93 35 dettes

77 3077 99 24 YVTT
210 3066 35 34 Y
439 3059 19 30 lUe1
459 3059 32 19 Ue
570 3047 131 37 déçûtes
722 3054 33 30 de
783 3057 34 28 L.
835 3056 39 30 H.
892 3056 34 30 P.
951 3061 175 22 nommeront
1144 3061 76 32 pour
1241 3067 46 22 cet
1305 3061 77 39 effet.

70 3084 112 57 *vy-
204 3086 122 38 A'tffîtôt
339 3099 52 30 que
406 3100 43 18 ces
463 3099 124 32 comptes
594 3093 100 40 feront
711 3098 110 38 réglés,
833 3098 41 28 les
889 3098 106 38 Otages
1003 3094 106 40 feront
1121 3096 61 30 leur
1198 3099 102 35 devoir
1311 3112 71 28 pour

80 3130 174 56 wÏÏ't'i
269 3131 26 27 U
308 3138 21 32 P
333 3139 124 22 a'emcnt
615 3136 77 38 qu'il
693 3138 72 39 fera
774 3138 132 39 poffible,
928 3138 60 30 s'ils
1003 3144 50 21 ont
1065 3137 63 30 leur
1144 3139 104 35 liberté
1266 3146 18 30 à
1298 3152 81 22 coeur.

73 3184 24 25 r.
132 3198 26 24 n
188 3174 24 21 '•
235 3171 30 27 'l
268 3171 70 39 fiera
351 3176 184 35 permis-aux
543 3176 80 30 habit
626 3187 50 20 ans
690 3180 31 30 de
736 3182 30 28 la
784 3181 65 28 ville
857 3178 81 33 &du
957 3177 67 40 plat
1032 3185 70 33 pais
1110 3182 33 31 de
1150 3184 31 31 la
1195 3184 187 38 J'urifdiélion

73 3209 39 25 du
126 3209 123 34 %uefnoi
267 3215 48 37 qui
320 3214 33 40 fi
360 3214 71 39 font
446 3216 130 39 réfugiés
586 3217 50 40 fur
648 3220 41 31 les
703 3229 91 22 terres
807 3222 33 28 de
855 3221 112 30 France
984 3219 87 35 &de
1089 3223 41 37 fes
1147 3229 110 31 Alliés,
1280 3224 33 28 de
1326 3231 31 19 re-

77 3252 98 27 venir,
197 3256 33 20 ou
247 3255 32 27 de
289 3257 107 37 partir
406 3256 71 30 dans
493 3265 18 24 6
517 3260 151 39 femaines.

312 3299 59 26 Fait
389 3307 33 18 au
439 3301 92 39 Camp
550 3301 99 33 devant
667 3305 25 28 le
709 3301 128 39 Qucfnoi
856 3302 25 31 le
898 3315 28 25 4.
945 3307 94 33 Juillet
1059 3320 84 20 i7iz.

149 3325 113 41 Eugène
280 3334 33 30 de
332 3337 107 31 Savoie.
828 3346 52 27 W.
899 3347 103 31 Hooft.

174 3366 106 37 aba<llc'
556 3418 13 4 _
829 3389 52 28 W.
901 3389 34 28 V.
957 3387 136 30 Harfolce-

829 3426 31 27 P.
880 3429 30 27 F.
930 3425 116 39 Vcgclin
1063 3422 32 30 de
1113 3418 197 46 Claarbcrgcn.

763 3463 15 27 I
795 3463 9 26 i
823 3464 9 26 i

143 119 46 38 A
208 119 40 38 la
268 119 178 43 Gazette
468 128 45 35 de
534 128 254 47 Rotterdam,
819 135 51 38 du
902 148 61 27 \\.
1000 135 143 44 Juillet
1180 151 66 27 171
1254 138 33 40 xi

365 50 780 58 SUPLEMENT
