1502 2294
50 78 33 30 de
102 79 70 30 leurs
190 89 111 31 troupes
314 99 7 13 ,
334 79 58 28 leur
409 76 94 32 armée
521 77 60 30 doit
598 76 56 31 être
664 86 60 20 eom-

48 118 84 40 pofée
149 118 33 30 de
203 130 92 26 14000
313 118 137 30 fantafliiis
470 122 26 25 &
508 128 77 26 4400
602 116 136 33 chevaux,

48 168 71 19 mais
138 169 39 18 on
195 158 40 28 dit
255 159 66 38 qu'il
340 161 46 38 n'y
412 169 33 18 en
472 167 15 19 a
517 167 47 28 pas
589 155 26 30 la
640 155 102 30 moitié

51 198 48 37 qui
119 196 84 40 puillc
229 197 83 28 fervir
327 207 35 19 en
380 200 176 35 Campagne.
595 197 38 26 Le
650 195 54 28 Roi
724 204 17 19 a

48 236 112 28 conféré
181 235 196 30 l'Archevêché
394 235 33 28 de
446 239 51 25 San
516 235 148 37 Domingo
679 236 41 26 Mé-

50 275 182 38 tropolitaine
256 274 46 28 des
330 273 81 30 Indes
430 274 66 27 dan;
523 273 58 28 l'lle
609 272 115 39 d'Hifpa-

50 314 99 31 niola,
176 311 15 31 à
217 315 38 26 D.
274 314 125 28 Antonio
425 312 129 31 Claudio.
570 311 116 30 Alvarez
706 311 32 30 de

48 354 165 34 Qtnirorcs,
236 352 143 30 Provifeur
398 356 27 26 &
444 352 109 30 Vicaire
566 350 129 32 Général,
705 350 33 28 de

50 391 28 28 la
93 392 84 32 ville,
195 396 27 26 Se
242 392 111 39 Evêque
371 391 33 30 de
426 394 146 37 Siguença.

213 433 41 26 De
269 435 81 24 Paris
369 437 11 24 le
412 444 15 21 4.
458 432 91 33 juillet.

86 474 52 26 Par
158 471 37 28 les
211 470 90 28 lettres
321 469 32 28 de
364 469 116 30 Toulon
496 468 38 30 du
555 480 45 19 10.
618 468 64 35 Juin
700 478 38 18 on

51 509 123 39 aprend,
195 519 52 30 que
273 509 24 28 le
317 513 46 25 18.
386 509 25 28 le
438 506 119 32 vaiâeau.
579 506 159 39 l'lntrépide

50 549 119 28 mouilla
187 557 53 19 aux
261 548 52 27 Iles
332 547 126 30 d'Hiéres
487 556 63 19 avec
566 557 53 18 une
635 544 103 40 frégate

50 587 35 28 de
103 598 38 25 40
159 596 122 22 canons,
301 591 26 25 Se
353 598 17 28 y
393 588 76 28 avoit
494 586 99 30 amené
614 596 13 25 5
653 591 84 33 prîtes

48 624 132 40 chargées
200 624 32 30 de
252 627 37 27 ris
312 630 26 25 Se
357 626 33 27 de
417 625 44 30 blé
488 635 70 30 pour
578 624 158 30 Barcelone.

51 665 98 35 Qu'un
162 663 32 31 de
211 676 51 18 nos
281 663 138 32 bàtimens
437 664 87 30 arrivé
546 663 33 30 de
599 664 117 30 Livorne
728 683 8 12 ,

51 713 17 19 a
86 702 136 31 confirmé
239 705 26 27 la
282 703 71 40 prife
371 703 65 30 d'un
452 715 67 28 gros
539 702 115 30 vaifleau
666 703 54 28 Hol-

51 742 109 31 landois
178 741 103 41 chargé
306 742 34 28 de
359 742 202 30 marchandifes
583 741 38 30 du
638 743 102 28 Levant

50 793 50 28 par
116 793 37 19 un
170 781 33 30 de
217 793 52 18 nos
282 783 180 31 Armateurs,
474 782 48 38 qui
540 781 35 30 l'a
593 780 113 30 conduit
724 780 15 28 à

51 820 130 34 Malthe,
209 819 39 30 où
270 820 73 30 deux
369 820 32 28 de
419 831 51 18 nos
495 819 115 43 frégates
627 819 113 31 doivent

51 860 66 28 aller
136 861 35 27 les
198 859 107 38 joindre
334 870 69 28 pour
422 860 130 27 l'amener
569 869 33 18 en
620 869 27 15 ce
666 868 72 28 port.

52 899 48 26 Ou
125 899 94 28 venoit
246 898 33 30 de
302 899 120 28 recevoir
449 898 80 30 ordre
555 898 33 28 de
611 898 26 26 la
661 894 77 32 Cour

52 934 119 28 d'*mer
200 945 63 20 tous
285 938 37 27 les
341 937 136 30 vaifleaux
503 938 46 38 qui
576 937 162 39 pourroient

51 974 73 28 tenir
148 974 26 27 la
198 984 70 18 mer.
307 977 47 26 On
381 976 100 28 mande
500 977 37 28 du
556 974 119 30 Daufiné
703 976 35 30 du

53 1024 47 28 13.
120 1023 52 31 que
191 1012 38 28 les
248 1022 112 28 troupes
379 1015 176 28 Allemandes
566 1018 27 25 &
605 1013 116 31 Pic'mon-

51 1054 81 30 toifes
158 1061 222 22 commencèrent
406 1051 14 30 à
446 1054 122 38 paroître
587 1054 24 27 le
631 1064 45 17 11.
694 1052 43 31 fur

50 1094 39 30 les
107 1093 144 33 hauteurs,
279 1103 28 18 ce
333 1093 48 39 qui
407 1093 76 28 avoit
509 1093 94 39 obligé
631 1094 56 26 Mr.
706 1093 32 28 de

52 1131 115 31 Mcdavi
187 1134 14 26 à
220 1133 67 28 faire
301 1142 115 18 avancer
433 1131 45 28 des
495 1142 111 28 troupes
625 1131 67 28 dans
702 1131 37 28 les

51 1170 224 31 retranéhemens
291 1172 47 39 qui
357 1181 131 19 couvrent
507 1172 22 26 le
549 1173 64 25 Fort
631 1170 33 27 de
674 1174 48 24 Bar-

48 1222 84 18 îaux.
151 1212 47 27 On
217 1211 102 28 mande
334 1211 37 27 de
386 1211 163 39 Strasbourg
569 1208 35 28 du
627 1219 46 18 11.
684 1219 53 28 que

51 1250 26 30 le
98 1250 126 40 Marquis
243 1250 33 27 de
294 1250 116 37 Quoadt
436 1250 74 26 avoit
529 1247 71 40 parte
615 1247 25 28 le
659 1247 76 28 Rhin

51 1299 66 19 avec
137 1294 32 22 18
189 1287 142 32 efeadrons
351 1292 26 24 &
405 1294 14 21 6
445 1289 168 28 bataillons,
641 1290 26 25 Se
686 1286 39 28 s'é-

51 1329 53 28 toit
120 1328 53 28 allé
190 1337 110 27 camper
319 1337 54 17 aux
387 1328 129 26 environs
535 1325 33 28 de
588 1326 149 28 Fortlouis.

52 1369 66 35 Que
137 1367 22 27 le
181 1364 142 28 Maréchal
341 1363 32 30 de
393 1367 106 27 Bezons
526 1363 69 31 étoit
620 1364 71 30 aurti.
703 1375 34 19 au

51 1402 63 32 delà
130 1404 33 27 de
181 1413 28 19 ce
236 1403 86 28 fleuve
340 1414 64 19 avec
430 1410 32 25 H
488 1400 146 33 bataillons
653 1408 27 25 Se
700 1414 33 27 31

52 1441 167 31 efeadrons,
246 1443 71 30 &le
344 1443 143 28 Maréchal
511 1443 170 28 d'Harcourt
703 1454 35 18 au

51 1479 107 32 dertbus
177 1482 45 30 des
249 1483 87 40 lignes
356 1483 33 27 de
406 1483 189 40 Lauterbourg
621 1493 63 18 avec
704 1492 30 28 13

51 1519 143 32 efeadrons
213 1526 26 25 Se
256 1527 14 24 8
289 1520 159 30 bataillons.
489 1524 47 26 On
556 1532 14 18 a
594 1533 18 17 v
628 1524 58 26 avis
705 1521 34 28 de

52 1560 172 40 Dunkerque
252 1560 38 30 du
309 1571 44 27 zj.
373 1563 86 38 qu'on
484 1561 76 27 avoit
576 1560 163 28 commencé

48 1604 178 27 l'armement
247 1600 34 28 de
308 1607 18 22 6
348 1598 116 41 frégates
484 1604 26 24 &
529 1600 33 27 de
578 1599 73 30 deux
670 1600 56 27 vaif-

50 1641 83 30 leaux
145 1661 6 12 ,
181 1643 27 25 &
226 1642 86 35 qu'on
328 1639 41 27 dit
386 1650 53 28 que
458 1637 63 31 c'eft
547 1649 71 30 pour
634 1641 39 26 les
690 1649 48 18 en-

46 1684 85 25 Aroïer
149 1678 15 30 à
184 1678 84 28 Breft.
308 1678 143 39 Quelques
481 1678 90 27 lettres
595 1678 33 28 de
658 1680 63 26 Port-

53 1719 73 30 louis
145 1728 130 30 portent,
296 1719 67 39 qu'il
390 1728 17 28 y
432 1716 39 28 eft
497 1716 90 30 arrivé
612 1729 15 17 z
653 1716 85 40 prifei

52 1756 215 33 Hollandoifes,
288 1757 72 27 l'une
378 1765 99 20 venant
494 1756 34 28 de
539 1757 107 27 Smirne
659 1755 63 30 char-

50 1796 53 38 gée
119 1798 33 26 de
170 1796 203 28 marchandifes
398 1795 37 28 du
451 1796 120 28 Levant,
599 1799 26 25 Se
644 1796 94 27 l'autre

51 1834 35 30 de
104 1834 149 34 Curaflâu,
274 1835 113 28 eftimée
407 1845 57 18 100
481 1835 79 27 mille-
575 1835 92 27 livres.
689 1837 50 26 On

52 1874 67 28 écrit
144 1873 33 28 de
206 1874 113 28 Madrid
344 1874 35 27 dii
400 1884 45 18 zo.
464 1873 35 28 du
510 1876 74 26 mois
601 1874 107 27 dernier
726 1894 9 13 ,

53 1925 53 27 que
124 1913 25 28 la
162 1912 57 37 joie
236 1912 33 28 de
285 1915 26 26 la
327 1912 133 30 nairtance
476 1911 33 30 de
526 1911 113 30 l'lnfant
656 1923 17 18 a
694 1912 46 30 été

53 1948 65 34 bien
132 1949 125 32 troublée
275 1961 48 27 par
341 1952 26 27 la
385 1961 76 19 mort
477 1951 38 28 du
533 1954 63 26 Duc
612 1951 34 28 de
663 1954 57 27 Ven-

52 1991 98 30 dôme.
190 1989 59 30 Elle
265 2000 17 18 a
296 1988 44 30 été
358 1989 18 28 Ci
393 1988 110 31 feniîble
522 2000 33 18 au
574 1993 74 31 Roi,
666 1991 72 38 cju'il

53 2041 17 18 a
86 2029 129 30 ordonné
230 2028 34 30 de
282 2027 145 39 reprendre
443 2027 24 30 le
484 2026 73 31 deuil
575 2029 69 37 qu'il
663 2031 76 26 avoit

53 2069 52 28 fait
120 2070 90 28 cuiiter
229 2078 72 30 pour
319 2078 37 27 40
374 2069 83 33 jours.
497 2068 48 28 On
562 2068 107 35 ajoute,
684 2078 53 27 que

54 2105 25 30 le
98 2111 56 26 Roi
171 2109 76 27 avoit
270 2105 103 32 envoïé
398 2107 86 28 ordre
503 2118 34 19 au
556 2107 129 38 Marquis
704 2106 34 31 de

56 2143 168 33 Valdecanas
241 2147 93 28 d'aller
351 2145 87 31 vifiter
456 2147 37 28 les
511 2147 90 38 places
620 2145 102 31 frontiè-

56 2190 43 22 res
115 2187 27 24 Se
158 2187 39 31 les
214 2186 156 40 magafins,
390 2190 27 28 &
428 2196 56 31 que
497 2186 44 30 s'il
556 2186 39 30 les
612 2185 124 32 trouvoic

785 86 35 19 en
844 76 77 35 état,
945 79 69 38 qu'il
1039 77 143 32 artemblàt
1208 81 37 28 les
1270 84 109 35 troupes
1403 69 47 39 P°*

788 126 177 20 commencer
991 119 26 27 la
1043 122 174 39 Campagne.
1259 120 73 28 Mais
1358 115 18 28 il
1395 116 32 28 ns
1427 115 4 7 '
1446 143 4 5 .

787 156 97 40 guéres
895 157 161 38 d'aparence
1067 161 86 37 qu'on
1173 171 15 27 y
1207 157 214 41 puifleentrera-'
1423 150 27 31 1?

787 204 53 27 que
856 193 39 31 les
913 196 118 41 grandes
1051 197 124 28 chaleurs
1194 198 90 28 foient
1302 193 107 45 parlées,

784 234 130 30 fembloit
941 235 150 38 cependant
1119 247 53 28 que
1199 239 38 27 les
1261 233 124 34 ennemis
1403 226 46 50 vo^

787 272 96 30 luflènt
900 273 112 40 profiter
1032 274 32 30 de
1084 276 24 27 la
1127 286 74 18 mort
1218 278 37 27 du
1273 280 60 25 Duc
1351 273 32 30 de
1404 265 39 30 *«<•

784 311 98 31 dôme.
927 315 34 27 Ils
981 313 206 39 s'aprocliérent
1205 317 24 27 le
1250 327 44 18 ie.
1316 306 133 39 deCe»'cP

784 360 72 28 pour
874 351 26 30 la
919 363 28 27 3.
965 350 74 37 fois,
1062 363 35 20 au
1115 356 119 28 nombre
1251 356 33 28 de
1305 363 72 21 1090
1390 347 59 30 h°*'

784 399 58 19 mes
869 390 33 30 de
930 402 113 28 troupes
1069 393 104 38 réglées
1200 397 26 25 &
1253 405 92 19 autant
1364 391 30 30 de

785 429 125 39 quclêts,
940 441 65 19 avec
1028 431 46 30 des
1103 431 115 30 échelles
1245 444 70 30 pour
1341 426 110 35 efca'aa\

784 477 65 19 cette
868 469 85 38 place.
993 471 38 27 Le
1049 471 211 30 Commandant
1290 474 47 39 qui
1364 468 64 31 avotf

784 507 58 28 avis
861 508 33 28 de
912 519 28 19 ce
959 507 99 31 dertein
1071 528 9 13 ,
1097 509 139 32 demanda
1256 513 37 27 du
1312 511 100 28 fecours
1428 506 9 19 l

787 546 181 31 Gouverneur
985 547 34 28 de
1030 548 143 43 Balaguer,
1183 552 47 37 qui
1248 552 38 27 lui
1304 552 99 27 envoi*

784 586 158 38 grenadiers
960 588 50 38 qui
1033 598 138 19 entrèrent
1192 588 191 31 hureufement
1400 581 14 30 d
1429 583 11 34 1?

784 625 118 30 Cervera
926 635 80 19 avant
1031 626 124 30 l'arrivée
1180 628 47 28 des
1253 630 135 28 ennemis.
1421 617 28 13 ™

784 660 71 32 forte
874 676 53 27 que
952 666 107 28 ceux-ci
1088 676 129 20 trouvant
1234 669 32 28 de
1286 670 25 27 la

783 703 26 26 le
836 704 143 30 retirèrent
1004 715 64 19 avec
1090 706 195 39 précipitation
1298 728 7 13 ,
1326 702 84 34 aband
1413 704 19 33 0!
1431 702 15 33 1/

784 750 65 19 nant
869 754 51 18 une
939 744 86 38 partie
1037 743 33 30 de
1080 745 72 28 leurs
1162 745 116 28 échelles
1290 750 26 26 &
1328 748 45 27 des
1384 735 63 38 01^

784 777 17 30 à
816 790 107 21 remuer
940 784 26 28 la
981 793 91 24 terre,
1098 794 64 19 avec
1179 785 72 27 deux
1269 787 89 38 pièces
1375 784 30 28 de
1419 780 21 33 cl.

784 827 58 20 non
867 822 81 38 qu'ils
969 823 187 28 enclouérent.
1198 826 37 26 Le
1260 824 72 28 bruit
1358 827 64 27 cour,
1423 817 18 39 o',

784 867 52 27 que
1032 863 117 35 Anglois
1161 863 126 28 s'étoient
1302 857 144 40 embarcjU*

784 905 71 28 pour
872 899 65 27 aller
954 898 15 30 à
992 901 81 26 Porto
1100 899 109 30 Mahon
1220 921 7 12 ,
1247 902 67 28 d'où
1338 892 87 40 l'c(cad
1429 894 15 22 r'

785 937 181 31 Hollandoife
986 938 67 30 étoit
1071 940 87 37 partie
1178 951 70 28 pour
1266 943 66 27 aller

784 972 15 30 à
822 976 144 31 Barcelone
992 978 197 39 l'lmpératrice
1202 1000 18 12 
1240 984 26 25 &
1292 981 26 27 la
1336 970 111 40 conduit

784 1011 18 32 à
817 1015 103 31 Gènes.

946 1059 37 24 De
999 1058 116 25 Londres
1131 1061 26 22 le
1175 1070 8 13 5.
1208 1059 103 24 Juillet.

821 1095 109 27 Samedi
951 1107 26 18 z.
998 1095 33 30 de
1055 1106 28 19 ce
1110 1098 72 27 mois
1201 1098 26 27 la
1246 1100 87 27 Reine
1351 1098 57 27 vint
1426 1096 9 20 ;

784 1134 156 30 Parlement
954 1144 65 20 avec
1036 1136 37 27 les
1090 1135 170 30 cérémonies
1278 1131 169 34 acoutumè*?

783 1175 27 22 5c
827 1172 100 27 donna,
938 1172 50 27 fou
1012 1185 204 19 contentement
1241 1186 53 18 aux
1315 1178 80 28 Actes
1411 1172 37 28 vP

782 1218 77 19 vans.

824 1248 67 27 Aile
902 1269 8 13 ,
934 1257 71 28 pour
1016 1259 94 20 mettre
1127 1251 41 28 des
1182 1253 86 28 droits
1294 1256 31 27 de
1341 1250 87 43 fur?!*
1429 1251 18 37 1!

776 1285 53 38 fur
846 1289 37 26 les
899 1290 70 25 cuirs
979 1291 31 28 &
1018 1298 98 26 peaux:
1124 1291 22 26 le
1163 1293 74 26 velin
1248 1294 31 28 &
1287 1281 159 53 leparcbetf

783 1328 67 27 àrde
862 1336 139 18 nouveaux
1019 1329 92 34 impôts
1124 1328 45 33 fur
1187 1329 145 37 l'amidon,
1351 1335 22 27 1/
1390 1319 57 44 cafi

781 1365 43 27 thé
836 1385 7 14 ,
868 1367 35 26 les
920 1371 110 33 drogues
1041 1388 7 12 ,
1070 1367 24 28 le
1103 1367 38 39 fl
1154 1369 59 27 d'or
1230 1371 31 28 &
1278 1372 122 34 d'argent
1410 1388 4 5 ■
1429 1376 19 22 *t

782 1407 35 25 les
836 1406 96 35 polices
946 1406 163 34 d'affurance
1121 1427 6 11 ,
1149 1415 66 26 pour
1234 1408 100 38 a/Jurer
1352 1421 35 18 ?>n
1398 1402 38 44 fi*

782 1446 117 30 annuel,
914 1452 67 27 pour
1003 1446 27 26 la
1045 1444 171 39 fatisfaelion
1240 1449 44 27 des
1309 1452 90 26 ordres
1410 1446 31 37 >*

783 1485 170 26 contribuans
967 1485 78 26 d'une
1058 1486 58 33 plus
1128 1485 86 38 greffe
1230 1485 96 37 femme
1333 1491 63 25 d'un
1404 1486 27 25 f'
1434 1482 12 17 1'

784 1522 54 26 lion
855 1522 57 27 huit
932 1530 56 21 cent
1006 1524 72 26 mille
1095 1524 96 34 livres,
1206 1532 66 28 pour
1284 1526 76 38 faire
1370 1528 21 25 le
1402 1517 25 43 ft
1440 1518 7 11 '

776 1561 57 34 fuie
850 1563 30 26 de
895 1561 38 27 Sa
951 1563 115 37 Majeflè
1076 1583 8 12 ,
1103 1565 33 30 &
1152 1571 67 28 pour
1235 1566 89 26 mieux
1345 1567 67 34 fixer
1428 1553 18 20 *'

781 1602 94 26 droits,
881 1599 46 35 fur
943 1602 37 28 les
992 1602 143 28 chandelles
1143 1622 6 13 ,
1162 1604 30 30 &
1201 1606 128 26 remédier
1338 1613 54 19 aux
1401 1596 46 31 W

783 1646 38 20 tes
829 1659 8 13 ,
857 1650 33 17 au
899 1638 73 39 fujet
987 1641 31 26 de
1033 1642 117 27 certains
1165 1643 135 34 pdiemens
1317 1654 30 17 en
1364 1638 83 32 EcoUn

780 1687 67 28 pour
855 1680 136 37 fuprimer
1006 1681 35 26 les
1058 1680 131 30 Lotteries
1208 1681 104 28 illicites

784 1719 156 27 inventions
957 1719 30 27 de
1000 1720 110 34 pareille
1126 1727 97 20 nature
1234 1741 6 5 .
1258 1722 31 28 cV
1305 1728 65 26 pour
1384 1714 63 33 ctl**

783 1759 112 35 regarde
911 1757 21 26 le
947 1757 91 27 Savon
1049 1769 30 17 en
1088 1759 97 37 Brique
1195 1779 7 13 ,
1222 1760 31 30 &
1264 1759 97 35 affifler
1372 1752 79 39 M"'!'

783 1798 124 26 Ravenel
919 1795 15 27 û
952 1798 86 37 égard
1043 1799 15 26 i
1067 1808 51 18 une
1129 1798 104 38 penfion
1243 1799 118 27 annuelle
1371 1798 27 26 de
1411 1793 30 31 »'.

783 1837 58 26 huit
857 1835 87 27 livres
959 1843 51 30 par
1025 1847 47 19 an,
1087 1839 93 30 &aux
1188 1837 84 38 prifes
1427 1859 22 7 

783 1884 74 18 cacao
875 1876 105 26 amenée
1004 1876 181 37 d'Amérique
1200 1877 31 28 &
1248 1878 116 27 certains
1382 1871 66 46 bi»l^

783 1915 79 37 qu'on
878 1913 78 26 avoit
969 1924 17 17 v
999 1913 97 39 deffein
1111 1916 31 25 de
1150 1913 136 39 fvufcrire
1303 1925 34 17 au
1350 1911 66 41 f""'

783 1954 27 27 ta
820 1954 159 34 Compagnie
994 1954 31 26 de
1038 1954 27 26 la
1083 1963 54 19 mer
1156 1954 34 27 du
1198 1955 69 32 Sud,
1276 1956 31 28 &
1312 1961 65 27 pour
1387 1951 38 31 ap'

778 1994 78 35 prier
881 1991 116 37 l'argent
1020 1994 96 26 acordé
1136 2000 52 31 par
1215 2000 65 22 cette
1305 1993 97 26 Séance

781 2031 165 27 Parlement.
1424 2027 27 30 ~\

826 2070 157 34 Ai~le,pour
1000 2072 137 27 continuer
1155 2072 22 27 le
1193 2079 133 21 commerce
1335 2066 122 33 aux'"'',,

782 2111 34 26 du
831 2111 76 27 Sud,
931 2111 96 26 acordé
1044 2117 47 27 par
1110 2120 34 24 up
1165 2111 70 27 Allé
1252 2112 31 25 de
1299 2109 26 26 la

780 2150 102 27 Séance
895 2147 33 26 du
940 2148 176 33 Parlement,
1129 2151 112 35 quoique
1250 2150 24 26 le
1286 2144 67 41 fond
1365 2141 51 50 c*f'
1424 2165 8 13 i

781 2189 32 28 de
829 2189 27 27 la
872 2189 54 27 dite
934 2187 161 39 Compagnie
1233 2197 14 20 0
1266 2186 99 28 ê,rtr*
1390 2181 65 51 Âtfe,
