1496 2346
30 71 47 28 que
96 60 84 40 façon
204 59 17 28 à
240 60 34 27 les
289 58 120 40 affo'iblir
420 78 9 18 ,
461 65 64 20 nous
549 53 174 43 reflechifjons

30 111 64 19 avec
118 99 96 38 plaifir
234 99 46 38 fur
307 106 84 20 toutes
417 98 33 27 les
475 100 87 32 peines
586 106 48 27 que
661 105 64 21 nous

32 150 86 19 avjns
131 137 84 38 prifes
229 158 6 12 ,
260 141 31 28 if
305 137 46 38 fur
370 144 85 20 toutes
472 137 35 28 les
534 135 128 37 infiances
677 144 50 27 que

34 189 64 18 vous
117 188 85 18 avons
214 176 85 39 fuites
311 197 7 12 ,
332 185 66 27 pour
416 177 126 26 terminer
560 176 15 26 à
593 175 135 27 l'amiable

35 219 35 27 les
89 216 112 37 Hifputes
220 217 45 35 qui
275 214 31 39 fe
319 215 60 37 font
391 216 104 26 élevées
504 222 52 28 par
567 221 93 28 raport
671 223 53 18 aux

35 257 113 26 intérêts
170 255 44 27 des
231 255 67 26 deux
319 255 119 26 Nations
450 274 7 12 ,
596 261 47 28 que
664 261 61 19 nous

32 294 113 39 pujjio'ts
161 302 63 18 nous
236 294 93 37 parler
338 293 70 37 fans
423 292 111 39 rêferve
547 291 46 35 fur
612 300 63 20 ceux
692 293 33 27 du

37 334 115 27 Public:
178 333 58 27 Car
260 333 66 26 dans
357 343 48 18 une
441 331 168 37 conjontfuie
635 340 93 18 comme

35 372 58 30 (elle
110 372 32 27 où
159 381 63 17 nous
239 380 61 19 nous
319 378 142 24 trouvons,
472 372 26 26 la
509 371 221 27 communication

39 413 31 27 &
87 411 26 26 ta
138 411 130 37 confiance
289 411 110 26 doivent
426 410 56 27 être
509 411 168 34 réciproques
699 409 31 27 de

35 457 66 30 part
118 450 31 30 &
168 451 118 25 d'autre.

74 489 73 27 Nous
168 488 120 34 eflimons
306 496 47 28 que
367 488 135 27 l'allarme
516 496 48 26 que
580 496 66 19 vous
663 489 67 26 avés

38 535 30 20 ue
86 528 44 27 des
150 528 191 27 Déclarations
364 534 59 20 tant
449 528 33 26 du
501 528 60 26 Duc
579 528 152 26 d'Ormond

38 574 50 28 que
111 567 31 26 de
167 567 126 34 l'Evcque
314 567 31 27 de
361 565 118 35 Briflol,
506 574 69 18 aura
596 563 61 38 cejjé
671 586 6 8 ,
697 573 30 21 _*

40 612 66 19 nous
124 605 123 34 répétons
265 613 24 19 ce
306 614 48 27 que
378 613 65 19 nous
465 613 86 18 avons
574 604 110 27 déclaré
704 602 22 34 fi

32 640 119 39 fouvent
164 663 7 14 ,
187 645 72 34 qu'il
273 652 31 18 ne
319 644 109 27 tiendra
442 643 61 37 qu'à
521 643 69 27 Vous
599 663 8 12 ,
632 652 92 19 comme

39 680 25 28 il
78 691 18 18 a
115 689 61 22 tenu
195 684 22 25 ci
234 683 102 27 devant
350 703 7 11 ,
383 692 48 26 que
449 689 85 20 toutes
554 692 45 17 nos
613 681 77 34 mefui
699 692 25 17 es

41 726 61 21 tant
111 728 67 30 pour
188 720 27 27 la
226 730 98 27 guerre
333 730 48 27 que
392 728 67 30 pour
476 720 27 26 ta
517 720 67 35 paix
596 731 30 18 ne
638 718 89 39 foient

37 758 86 39 prifes
138 762 31 27 de
182 767 104 21 concert
300 770 66 17 avec
383 765 78 24 votre
475 758 65 27 Etat

77 800 37 27 Le
138 800 89 27 Comte
250 800 30 27 de
306 796 143 39 Strafford
472 804 161 24 retournera
664 798 66 30 dans

38 843 48 31 peu
112 839 31 27 de
161 837 79 37 jours
255 837 64 37 près
344 839 28 25 de
396 837 86 32 Vous,
501 837 157 34 pleinement
684 839 30 25 in

35 874 86 37 flruit
146 878 30 28 de
195 886 46 18 nos
256 878 157 26 intentions.
455 876 57 26 Nos
530 874 142 38 Miniftres
686 874 26 37 fe-

40 920 65 19 ront
122 914 112 37 difpofés
250 917 31 28 &
298 913 132 39 autorifés
452 922 67 30 pour
535 913 54 39 fait
599 925 13 18 e
628 921 57 19 tout
704 925 26 18 ce

39 952 48 37 qui
99 959 63 30 peut
178 953 131 33 dépendre
328 956 31 26 de
377 964 81 24 nous,
484 960 67 30 pour
570 954 159 27 renouveler

40 999 51 19 une
115 989 119 39 parfaite
262 992 129 35 confiance
413 1003 64 17 avec
500 1003 86 21 vous,
612 993 31 31 &
663 1000 67 30 pour

37 1031 132 38 prévenir
190 1028 18 32 à
230 1031 120 26 l'avenir
376 1031 35 26 tes
436 1031 164 28 brouilteries
617 1033 78 34 qu'on
712 1043 18 17 a

33 1068 124 40 fomenté
182 1080 65 18 avec
272 1076 60 21 tant
358 1070 133 38 d'artifice
516 1070 31 31 &
572 1070 27 35 fi
624 1078 50 30 peu
698 1071 32 27 de

34 1107 167 40 fondement.

83 1148 76 26 Mais
175 1157 64 17 nous
253 1157 31 18 ne
295 1155 122 27 pouvons
436 1147 86 38 paffer
541 1147 64 35 fous
612 1148 118 34 Jtlence,

38 1194 51 28 que
105 1196 64 17 nous
189 1195 85 18 avons
299 1187 41 26 été
365 1193 57 20 extt
430 1186 126 28 êmement
573 1185 47 38 fur
621 1187 59 35 pris
698 1187 32 28 de

38 1226 66 26 voir
119 1234 47 26 que
183 1233 80 19 votre
281 1225 91 27 Lettre
390 1226 33 26 du
449 1233 21 26 5.
494 1226 31 25 de
548 1233 25 18 ce
596 1226 65 26 mois
683 1224 40 28 ait

39 1263 45 28 été
110 1260 213 39 prefqu'auffttôt
347 1264 136 34 imprimée
500 1264 31 28 &
544 1263 106 34 publiée
676 1272 50 26 que

39 1311 66 19 nous
122 1303 106 27 l'avons
249 1311 76 26 reçue
341 1303 44 27 des
410 1303 85 25 mains
516 1302 31 27 de
573 1307 78 24 votre
671 1302 38 27 En-

38 1343 78 26 voie.
149 1341 57 27 Une
221 1339 58 27 telle
292 1341 144 35 procédure
451 1337 35 40 efl
503 1341 144 35 également
667 1350 44 19 con-

39 1381 91 25 traire
155 1388 56 14 aux
227 1377 64 26 bons
307 1378 143 37 reglemens
468 1381 31 28 &
514 1378 17 28 à
548 1381 26 25 la
587 1378 128 38 bienfêan-

39 1426 35 18 ce.
123 1414 70 35 C'cfl
211 1413 77 41 faire
319 1428 50 18 une
394 1419 191 27 Remontrance
612 1428 34 19 au
676 1420 51 27 lieu

38 1455 80 26 d'une
135 1455 217 35 Reprefentation
365 1476 8 14 ,
400 1459 30 28 &
446 1467 31 18 en
501 1460 93 32 apeller
617 1468 34 17 au
665 1465 48 27 peu-

34 1492 44 37 ple
91 1513 6 12 ,
107 1504 33 17 au
159 1494 51 27 lieu
227 1495 31 27 de
273 1494 139 38 s'adreffer
430 1507 32 14 au
478 1496 163 26 Souverain.
651 1496 78 28 Nous

38 1530 122 39 efp.'rons
175 1541 48 28 que
246 1544 66 18 vous
331 1545 30 18 ne
383 1533 139 39 f'ouffrirês
542 1543 48 30 pas
613 1546 48 26 que
677 1543 32 27 pa-

37 1572 73 27 reille
124 1572 71 37 chofe
208 1573 97 27 arrive
319 1584 15 15 a
350 1574 138 31 l'avenir,
508 1584 46 17 car
568 1580 77 21 notre
659 1574 48 26 hon-

38 1620 69 18 neur
124 1620 64 18 nous
204 1613 152 37 engageroit
376 1615 30 25 de
426 1613 117 35 prendre
569 1613 26 26 la
620 1611 92 39 réfelu-

38 1650 57 26 lion
111 1650 30 26 de
159 1659 31 18 ne
204 1651 61 37 plus
279 1651 131 35 répondre
432 1650 17 27 à
474 1662 99 17 aucune
589 1652 92 26 Lettre
697 1652 27 26 ni

35 1688 148 28 Mémoires
213 1689 46 37 qui
282 1690 126 27 auraient
431 1690 44 26 été
496 1690 103 35 publiés
614 1691 31 26 de
659 1696 66 22 cette

35 1728 131 27 manière.
208 1730 46 25 Au
272 1727 64 39 refte
352 1739 64 17 nous
429 1729 92 28 prions
542 1730 69 27 Dieu
625 1749 5 11 ,
647 1731 54 28 &c.

300 1768 86 27 Votre
404 1765 164 31 très-bonne
587 1768 83 27 Amie
680 1778 7 19 i

364 1807 34 26 Et
416 1806 59 38 plus
495 1806 66 32 bas,

422 1847 35 26 St.
475 1846 109 32 Jean.

73 1884 24 27 A
118 1880 188 41 Kinfington,

104 1922 26 28 le
149 1931 46 19 10.
211 1923 74 33 Juin.

170 1959 84 39 Signé

141 2001 133 28 ANNE
304 2002 34 25 R.

65 2040 39 28 Le
122 2041 100 27 Comte
241 2039 33 30 de
293 2036 133 32 Strafford
444 2042 83 39 partit
554 2039 65 31 d'ici
645 2049 79 21 avant

31 2074 58 31 hier
107 2078 15 28 à
143 2087 12 26 y
175 2079 94 28 heures
287 2079 38 28 du
357 2076 54 31 foir
430 2091 71 30 pour
528 2091 143 19 retourner
691 2091 33 19 au

30 2112 125 40 Congrès
174 2119 154 28 d'Utrecht.
347 2120 37 27 Le
394 2120 103 28 Comte
513 2120 34 30 de
561 2121 98 28 Rivers
677 2118 40 30 eft

30 2151 51 27 fut
97 2151 209 35 Commandant
331 2169 33 19 en
381 2158 77 30 Chef
478 2159 46 28 des
552 2170 112 18 troupes
683 2158 34 30 de

768 57 26 25 S.
814 52 44 30 M.
885 50 69 33 dans
977 63 30 19 ce
1023 52 163 33 Roïaumc,
1214 60 34 20 en
1267 43 128 37 l'abfence
1410 35 30 30 &t

767 96 61 26 Duc
844 92 161 30 d'Ormond
1018 112 8 12 ,
1048 97 26 24 &
1091 92 22 27 le
1134 93 93 37 Major
1238 85 120 34 Général
1424 83 17 19 1'

765 131 78 30 tham
860 131 211 31 Commandant
1095 141 34 19 en
1147 129 77 30 Chef
1243 130 46 28 des
1316 128 85 27 forces
1416 124 11 20 e

769 171 97 30 Ecoflc
882 183 35 18 en
935 170 132 30 l'abfence
1082 170 38 28 du
1140 171 59 26 Duc
1219 167 135 41 d'Argile.
1375 161 44 27 On

769 222 65 28 reçu
853 211 56 28 avis
930 222 53 27 que
1002 210 26 28 la
1048 211 65 27 flote
1128 217 100 20 venant
1245 209 33 27 de
1297 204 144 31 Lisbonne»

769 242 41 35 eft
817 250 103 30 arrivée
931 261 52 18 aux
994 252 137 30 Dunes,&
1142 259 53 28 que
1204 248 65 32 celle
1277 247 33 28 de
1320 240 120 50 Hollan^

770 291 129 27 continue
918 288 27 31 fa
963 299 78 21 route
1058 299 59 19 vers
1136 291 38 26 les
1195 298 87 28 ports.
1304 287 38 26 La
1359 283 67 27 (cm*

769 339 32 17 ne
821 328 87 38 paflée
933 330 18 26 il
972 339 14 28 y
1007 338 28 18 ut
1061 328 34 26 ici
1114 339 35 17 un
1168 326 90 40 grand
1274 333 102 32 orage,
1388 322 22 24 Si

768 377 130 20 tonnerre
925 367 73 28 étant
1024 366 97 28 tombé
1155 366 43 28 fur
1225 377 37 18 un
1287 365 112 28 vailleau

769 418 98 26 guerre
886 405 151 31 Oftcndois
1057 406 48 38 qui
1123 405 69 28 étoit
1208 405 15 27 à
1247 405 98 28 l'ancre
1363 398 81 31 devai*
1455 411 2 4 ■

770 445 170 32 Gravefend,
953 446 37 27 les
1002 444 70 30 mâts
1090 444 91 30 furent
1199 444 105 33 brifés,
1317 444 63 35 cinq
1398 438 45 25 nlJ'

774 484 79 28 telots
873 485 58 28 tués
951 489 27 25 &
996 495 38 18 un
1051 495 76 19 autre
1142 483 92 28 bielle.
1259 485 50 27 Les
1330 477 113 34 fouict'F

770 522 74 30 tions
859 522 15 30 à
891 524 26 28 la
932 523 129 28 nouvelle
1076 523 180 39 Compagnie
1274 523 100 28 Roïalc
1391 515 15 28 d
1419 515 25 24 *'

770 560 91 43 frique
879 561 60 31 font
958 561 163 40 fufpcndues
1143 561 109 40 jufcju'à
1276 574 28 18 ce
1323 573 52 30 que
1390 561 53 24 eeu*

771 600 32 28 de
821 604 26 26 la
865 602 90 28 vieille
972 601 178 39 Compagnie
1163 600 25 30 fe
1207 601 89 30 (oient
1315 604 105 27 acomm
1421 599 24 19 0'

769 639 48 30 dés
844 652 64 18 avec
934 641 70 28 leurs
1031 640 162 30 créanciers.
1234 643 51 26 Par
1305 641 38 28 les
1370 637 74 32 lettt*»

769 678 33 28 de
820 679 141 30 Lisbonne
980 679 38 28 du
1049 691 46 25 17.
1122 679 65 34 Juin
1206 681 85 37 qu'on
1319 689 74 31 reçut
1411 673 33 24 '*'

770 718 76 28 mcdi
865 718 109 30 dernier
993 729 38 18 on
1052 718 104 40 aprend
1170 738 7 12 ,
1206 729 53 28 que
1278 719 58 27 l'on
1349 716 66 32 croit
1427 712 18 28 I»

771 757 165 43 Campagne
956 757 65 28 finie
1033 777 8 13 ,
1069 759 24 27 le
1106 758 129 39 Marquis
1257 757 34 30 de
1310 762 54 35 Bay
1383 756 54 28 ai*ll

771 797 103 37 repaflé
899 798 25 28 la
940 796 148 30 Guadiana
1111 807 64 19 avec
1193 796 48 28 fon
1266 797 104 30 armée.
1408 793 27 28 Le

769 835 150 30 Généraux
938 835 105 28 étoient
1059 835 15 28 à
1090 835 142 28 Eftremos
1251 837 103 39 ocupés
1375 835 14 30 à
1435 830 12 19 6

775 874 61 28 Fête
854 874 33 27 de
896 876 148 26 Taureaux
1056 893 7 13 ,
1075 883 33 18 en
1127 874 176 37 réjouiflance
1319 876 34 28 de
1369 887 27 17 cc
1408 870 39 39 quC

771 913 24 28 le
814 914 71 38 Pape
905 924 14 18 a
938 913 50 28 fait
1012 912 132 30 Cardinal
1173 915 58 27 Mr.
1250 913 145 32 d'Acunha
1413 911 34 28 1"'

771 952 130 39 quifiteur
925 952 122 31 Général
1067 973 7 13 ,
1102 954 122 39 premier
1251 953 155 31 Aumônier
1421 946 26 28 d*

775 992 54 28 Roi
855 997 27 26 &
909 992 48 28 fon
985 993 110 28 Favori.
1134 996 37 26 Le
1189 994 103 28 Comte
1317 993 34 30 de
1376 993 69 30 Port'

772 1042 79 19 more
878 1032 67 28 étoit
971 1032 110 30 attendu
1106 1032 33 28 de
1157 1031 112 30 l'armée
1287 1031 17 31 à
1320 1033 102 28 Lisbon
1427 1029 21 25 DC

770 1070 67 31 dans
857 1076 14 25 8
893 1083 37 18 ou
951 1082 33 19 10
997 1072 90 39 jours.
1108 1074 50 27 Les
1180 1072 107 28 actions
1304 1071 33 31 de
1356 1074 26 28 la
1394 1072 54 27 Ba"'

769 1121 56 28 que
841 1109 61 30 font
927 1110 168 39 aujourdhui
1114 1109 14 31 à
1149 1121 53 19 m
1222 1115 24 25 &
1266 1110 96 35 demi,
1384 1106 65 34 ceHeS

749 1157 2 5 '
769 1143 33 33 de
821 1150 26 25 la.
857 1150 177 37 (Compagnie
1052 1152 46 25 dcs
1120 1150 79 26 Indes
1219 1148 17 28 à
1256 1155 52 24 108
1323 1170 7 11 ,
1344 1155 26 24 8e
1382 1144 69 33 cefl'*

769 1186 33 30 de
824 1187 26 27 la
875 1198 60 17 mer
952 1186 38 28 dv
1009 1187 53 30 Sud
1081 1187 14 28 à
1114 1193 33 31 78
1162 1207 8 13 ,
1200 1187 59 30 fans
1278 1183 172 46 comprends

770 1224 17 30 à
800 1235 41 19 ces
860 1225 72 30 deux
951 1226 138 31 dernières
1108 1226 24 30 le
1148 1226 139 31 dévident.

925 1281 39 21 De
979 1281 26 22 la
1023 1281 70 22 Haie
1110 1281 24 24 le
1154 1289 40 18 10.
1209 1281 107 26 Juillet.

800 1317 47 21 Les
860 1316 78 21 lettres
950 1316 28 22 de
991 1316 137 24 l'armcedu
1137 1324 21 20 7.
1168 1323 109 25 portent,
1296 1326 46 25 que
1349 1320 21 24 la
1385 1320 52 32 p.&
1439 1320 12 15 r

768 1348 43 24 fon
819 1346 33 25 du
860 1348 106 31 Queluoi
980 1356 31 15 en
1025 1350 60 22 «oit
1100 1346 70 27 fortie
1181 1349 63 27 forte
1258 1350 124 26 d'environ
1397 1355 40 21 zi°
1440 1346 11 17 ù

769 1378 130 28 homnvs,
914 1388 59 24 pour
986 1382 47 22 être
1046 1382 112 24 conduire
1172 1382 57 25 dans
1240 1382 34 25 les
1290 1384 66 25 vilks
1364 1385 28 24 de
1401 1375 53 33 Hl'''

769 1411 78 24 lande.
885 1414 40 21 On
938 1421 13 14 a
965 1419 83 18 trouve
1056 1415 58 24 dans
1121 1415 22 22 la
1150 1415 65 32 place
1221 1422 27 20 45
1261 1416 74 32 pièces
1343 1417 30 25 de
1382 1410 70 31 can"'

772 1444 22 24 8e
807 1448 11 20 8
829 1444 118 24 mortiers.
983 1447 47 21 Ces
1041 1447 53 22 leur
1101 1455 17 14 .s
1127 1454 27 14 ne
1161 1447 74 25 difent
1244 1448 51 24 rien
1300 1448 28 25 de
1337 1450 22 24 la
1369 1442 83 32 mard>*

769 1474 40 26 des
822 1482 96 25 troupes
932 1475 124 33 Angloifes
1070 1476 54 24 fous
1143 1480 22 21 le
1181 1481 51 21 Duc
1246 1480 149 27 d'Ormond.
1427 1475 25 25 &*

770 1508 141 24 conférence
919 1515 45 24 que
979 1507 253 34 lesD.puiésdel'Etat
1248 1520 69 18 urent
1333 1514 65 32 jeudi
1408 1509 45 26 a*

774 1541 21 22 le
806 1543 92 22 Corne
909 1543 28 22 de
945 1541 111 25 Stiaftord
1065 1544 12 22 à
1088 1545 40 21 fon
1139 1546 84 26 Hôtel,
1240 1545 57 24 dura
1306 1547 51 28 plus
1365 1548 27 22 de

771 1572 89 26 heutes.
905 1577 33 21 Le
951 1573 44 25 foit
1009 1576 112 30 l'Evcque
1134 1576 15 25 d
1178 1576 81 26 Briftol
1277 1578 72 26 arriva
1364 1580 31 24 ici
1406 1570 46 30 d'tf"

771 1605 80 25 trecht.
885 1609 44 22 Les
935 1607 63 28 jours
1007 1606 93 26 fuicans
1115 1609 33 22 les
1162 1610 155 26 confetences
1330 1619 40 17 ont
1383 1609 69 26 coi"'

772 1638 109 24 nuéavec
895 1645 37 17 ces
946 1639 119 24 Miniftres
1077 1657 7 12 ,
1101 1642 25 22 8c
1148 1642 48 24 hier
1212 1641 33 25 fut
1259 1643 34 25 les
1307 1652 12 20 7
1336 1645 79 24 heure*
1427 1633 25 39 <jf

764 1671 53 25 .foir
830 1670 17 24 il
854 1678 14 25 y
876 1678 28 17 en
919 1677 25 19 ut
956 1680 84 17 encore
1056 1682 46 14 une
1116 1674 57 22 dans
1188 1675 22 24 la
1227 1675 122 25 Chambre
1362 1677 27 24 de
1402 1672 51 38 T<J

771 1703 330 32 vesenrrel'Evequ-deßrift
1121 1706 39 28 1,1
1183 1709 90 22 Comte
1280 1709 30 24 de
1317 1698 137 35 Straftor'*

771 1735 34 25 les
817 1735 103 32 Députés
928 1735 28 22 de
964 1737 27 22 L.
1006 1740 31 21 H.
1054 1737 89 24 Puifïan
1157 1747 31 15 es.
1227 1742 31 21 N.
1274 1743 22 21 S.
1305 1742 34 24 les
1358 1744 60 21 Eus
1429 1729 12 26 i
1450 1729 8 38 1

770 1767 537 34 HolianJeontetéaflemblesrouslesjouis.
1329 1776 22 21 Se
1367 1768 79 30 ilsl'o*
1446 1765 7 18 1

771 1801 37 22 été
827 1800 57 25 aufli
896 1807 22 17 ce
940 1801 85 25 matin.
1065 1805 46 21 Mr.
1128 1802 30 24 de
1172 1798 125 33 Bibctftein
1310 1806 144 34 PlenipO«_

770 1833 320 26 tiairedußoidePrufleeft
1101 1844 72 15 airive
1186 1837 52 24 dUr
1253 1838 51 25 eeht
1317 1839 79 31 depuis

770 1864 73 31 faut».
879 1869 32 21 Le
918 1867 91 22 Comte
1015 1867 28 22 de
1050 1867 67 25 Berlo
1127 1869 59 24 Aide
1193 1869 28 24 do
1232 1872 78 31 Camp
1317 1872 30 21 Ju
1356 1866 91 27 Gène'»
1447 1859 7 20 1

772 1898 132 32 Fagelaété
914 1898 77 33 têgale
999 1900 27 21 de
1036 1899 21 24 la
1068 1907 45 22 part
1121 1900 104 26 d.-l'Etat
1238 1903 70 22 d'un-
1320 1892 102 33 chaîne'
1422 1892 32 30 C?*

774 1931 99 22 ôcd'une
888 1931 148 24 médaillede
1050 1931 21 24 la
1088 1933 76 24 valeur
1181 1933 30 24 de
1226 1943 63 19 isoo
1303 1935 90 24 florins.
1427 1925 27 25 k{

772 1963 142 24 Lieiitenanr
932 1963 87 25 Wilkes
1031 1964 64 31 quia
1108 1964 80 32 aporté
1204 1968 21 22 la
1238 1968 64 22 lettre
1323 1975 20 14 ie
1356 1967 57 22 Mrs-
1427 1957 26 37 '?'

771 1995 106 31 Députes
886 1995 12 24 à
907 1996 94 22 l'armee
1010 1996 111 25 touchant
1136 1997 148 25 laie.l.iitton
1294 2000 15 24 d
1341 1995 113 33 ÇJuefi"".'

771 2034 30 15 en
809 2035 12 15 a
827 2035 17 15 v
849 2027 57 25 auflî
915 2035 30 15 un
951 2029 74 26 ed-Ja
1032 2029 78 25 valeur
1119 2029 28 25 de
1155 2039 9 15 r
1172 2035 44 19 800
1225 2030 92 25 florins.
1335 2031 40 21 On
1382 2035 12 17 a
1403 2022 53 27 ai'"'

771 2067 40 24 par
827 2068 28 14 un
873 2061 100 26 Exprès,
991 2068 45 25 que
1051 2061 20 22 la
1080 2061 57 25 flot:
1161 2068 19 18 le
1196 2066 18 20 L
1226 2063 92 24 sbonne
1331 2053 123 38 coiripoŒ!

772 2091 87 32 déplus
873 2093 28 21 de
919 2100 45 15 103
973 2094 117 24 bâùmens
1103 2095 141 24 marchanda
1260 2099 52 20 tous
1325 2095 19 20 le
1362 2086 92 28 Conve»»

772 2124 28 24 de
816 2133 8 19 s
844 2125 113 24 vaifleaux
971 2126 27 21 de
1005 2133 79 25 guerre
1098 2144 6 9 ,
1122 2128 71 24 arriva
1207 2127 162 24 huieulémenr
1389 2130 12 15 a
1414 2120 32 20 "»'-

772 2157 38 24 -xel
827 2158 25 24 le
865 2165 22 19 7.
904 2157 28 24 de
946 2165 26 14 ce
986 2159 70 22 mois.

84 2196 21 24 A
123 2196 183 35 Rotterdam,
319 2209 48 28 par
384 2199 26 28 la
428 2200 87 26 Veuve
530 2202 31 25 de
576 2202 81 26 Saint
669 2199 83 27 Glain
762 2213 7 15 :
791 2203 34 27 Er
842 2198 25 31 fe
880 2200 117 31 vendent
1006 2202 65 30 chés
1088 2205 137 26 Ab-abam
1244 2202 87 28 Acber
1349 2196 59 40 près

171 2229 34 30 de
222 2231 25 27 la
266 2237 98 28 Bourfe
377 2249 5 15 :
404 2239 22 26 A
445 2237 26 28 la
489 2238 71 28 Haie
579 2237 63 30 chés
659 2239 27 26 la
704 2239 89 28 Veuve
809 2241 138 37 Uytiverff
958 2239 61 39 près
1038 2242 33 27 de
1089 2242 26 28 la
1134 2242 77 27 Cour
1225 2261 7 12 ,
1253 2243 51 26 Sec.

99 2272 74 30 Arec
194 2271 105 31 PRIV
312 2274 12 27 I
333 2275 21 26 L
366 2276 93 28 EGE
477 2278 31 26 de
521 2278 59 27 Nés
593 2280 143 34 Seigneurs
751 2280 37 27 les
801 2280 83 27 Etats
893 2281 32 26 de
938 2280 79 27 HoU»
1026 2280 56 26 ude
1100 2280 31 30 ér
1147 2281 30 26 de
1193 2274 142 40 Weftfrife,
